2167 3612
167 1519 355 1568 coralli-

161 1598 248 1631 ηας
279 1583 337 1629 ad

164 1646 396 1709 vegetabi-

160 1710 232 1756 lia
258 1707 370 1770 refe·

158 1772 326 1820 vendas

162 1833 263 1901 effe.

414 239 533 310 418
823 221 1578 298 ZOOPHYTA.'

854 410 1605 474 Dascnxr'rxo.

511 550 759 613 Globulus
808 551 1208 630 magnitudine
1255 553 1381 614 fere
1433 554 1816 632 praecedentis
1842 601 1861 630 ‚
1927 558 2027 637 qui

429 631 738 696 succeffive
781 634 842 693 in
879 652 1308 714 omnescunque
1343 633 1554 713 figuras
1598 635 1802 715 sponte
1843 654 2024 698 trans·

429 728 685 776 mutatur
710 756 728 786 ,
771 711 1053 774 divisione
1096 715 1512 794 multiplicatur
1537 763 1553 790 ‚
1596 737 1668 778 ex
1702 719 2026 780 moleculis·

429 813 543 872 que
572 810 726 854 totus
755 792 1009 867 constat,
1051 814 1190 873 quas
1242 796 1477 854 tandem
1502 818 1609 874 pro
1636 800 1881 859 totidem
1927 798 2030 860 foe4

428 874 582 936 tibus
622 873 918 948 effundit3
969 874 1317 935 admirandae
1361 874 1737 953 simplicitatis
1776 882 1983 955 animal
2011 921 2036 952 ,ι
2142 870 2147 911 Ῑ

425 953 583 1035 quod
621 956 768 1018 solus
805 957 1098 1035 hucusque
1124 955 1275 1017 vidit
1297 955 1568 1037 Roefhlius'.

509 1092 564 1150 L
577 1110 613 1150 o
629 1109 661 1152 c
676 1109 716 1151 u
731 1110 756 1152 s
780 1111 794 1153 :
838 1092 1053 1171 Stagna
1080 1090 1350 1171 Europae.

413 1358 416 1362 ,
524 1277 1934 1382 111.coRALL1NAE.
2037 1314 2039 1318 1

426 1506 570 1634 (Ἴ
586 1509 931 1569 Ossmmis
950 1550 964 1578 ,
987 1521 1114 1584 quae
1141 1501 1176 1563 s
1169 1515 1269 1561 unt
1281 1500 1574 1562 Nodulariae
1587 1502 1863 1581 Imperati
1884 1501 2025 1584 (hisc'.

447 1623 571 1664 V
613 1603 726 1650 nat.
745 1589 833 1648 lib.
853 1603 948 1663 27.
974 1604 1086 1662 cap.
1108 1604 1198 1664 13.
1215 1584 1244 1661 )
1260 1626 1279 1655 ‚
1296 1583 1393 1643 hic
1416 1581 1567 1643 addo
1583 1628 1601 1656 ‚
1619 1602 1694 1644 ne
1721 1585 2027 1664 imperfec-

422 1673 599 1736 tionis
630 1668 883 1732 accusari
922 1667 1089 1747 poffit
1126 1664 1494 1745 opusculum,
1540 1683 1714 1743 quum
1749 1684 1843 1724 eas
1876 1668 2029 1746 apud

423 1753 658 1832 Ellifium
698 1751 762 1813 ἀ
788 1754 1058 1811 Linnaeum
1094 1744 1420 1827 Zoophytis
1456 1746 1693 1807 insertas
1739 1746 2020 1808 invenias.

420 1839 583 1900 Mihi
621 1853 767 1897 vero
809 1848 1000 1893 totum
1042 1831 1228 1890 hocce
1272 1845 1454 1908 genus
1507 1827 1800 1897 Botanicis
1855 1829 2027 1890 relin-

422 1917 717 1996 quendum
741 1913 992 1974 videtur.
1037 1913 1174 1973 Nec
1201 1912 1356 1972 enim
1392 1907 1697 1978 structura,
1739 1928 1849 1969 nec
1885 1909 2026 1987 chy·

421 1997 592 2059 micis
646 1995 945 2071 principiis
1004 1994 1078 2048 ad
1137 1992 1584 2068 Zoophytorum
1636 1991 1825 2049 ullum·
1843 2010 2027 2070 genus

422 2075 709 2137 accedunt
725 2116 742 2142 ‚
756 2068 821 2129 ἃ
834 2070 1120 2145 pleraeque
1145 2066 1364 2143 species
1388 2071 1563 2125 etiarn
1579 2069 1836 2132 habitum
1866 2091 2025 2149 pror-

419 2158 512 2219 sus
533 2152 882 2233 peculiarem
904 2147 1149 2218 habent,
1177 2146 1378 2222 aliquae
1406 2145 1478 2204 ad
1498 2148 1681 2206 Fucos
1707 2151 1902 2226 poti-us
1928 2167 2023 2210 act.

418 2237 694 2299 cedentes
717 2278 732 2304 ‚
749 2230 1010 2309 plurimae
1029 2223 1338 2286 Conservis
1363 2229 1777 2301 comparabiles
1792 2273 1806 2298 ,
1828 2249 2022 2305 quam,

419 2319 514 2380 vis
540 2312 916 2395 lapidescenti
952 2305 1254 2369 substantia
1291 2307 1363 2366 ab
1408 2305 1618 2367 iisdem
1649 2304 1715 2369 <Sc
1750 2311 2021 2372 omnibus
2121 2349 2159 2393 3

414 2394 840 2477 vegetabilibus
880 2387 1323 2452 distinctiffimae.

498 2474 816 2555 Temporis
864 2469 1118 2551 angustia
1164 2467 1228 2531 ἃ
1269 2469 1672 2549 opportunitas
1699 2469 2020 2549 impedive-

417 2573 586 2629 runt,
627 2576 701 2617 ne
725 2556 787 2617 in
814 2554 1224 2615 Corallinarum
1250 2564 1513 2611 naturam
1541 2553 1858 2612 accuratius
1883 2555 2024 2633 igne

331 2697 333 2699 ,
417 2639 786 2719 inquirerem.
871 2636 1150 2696 Attamen
1175 2632 1453 2694 chemicis
1479 2631 1779 2713 principiis
1803 2652 1836 2692 a
1864 2635 2017 2697 Zoo-

417 2720 618 2802 phytis
645 2717 884 2778 differre
910 2717 1196 2775 Corallinas·
1229 2733 1303 2776 ex
1342 2713 1526 2774 odore
1561 2712 1980 2777 combustarum
1999 2764 2020 2794 ,

417 2802 616 2882 potius
660 2797 1001 2879 vegetabili,
1041 2811 1316 2876 apparet,
1357 2792 1436 2856 δι.
1458 2794 1500 2855 fi
1541 2791 1782 2870 Marstlio
1816 2799 2019 2861 creda·

415 2901 543 2943 mus
600 2880 724 2942 salis
771 2879 1024 2941 volatilis
1081 2875 1144 2938 &
1183 2878 1301 2940 olei
1338 2876 1597 2938 animalis
1633 2874 1779 2938 nihil
1833 2881 2020 2944 omni·
2128 2899 2131 2904 ¹

417 2980 500 3025 no
525 2960 827 3023 continent
843 2957 1008 3041 '‘(hist.
1050 2980 1183 3020 mar.
1222 2975 1280 3037 p.
1324 2957 1468 3038 73.)

499 3042 787 3120 Vigentes
811 3044 870 3105 in
896 3042 1042 3104 mari
1062 3042 1360 3103 Corallinae
1376 3040 1513 3124 *vivi
1538 3057 1834 3122 nunquam
1852 3036 2013 3120 quid-

416 3141 588 3202 quam
625 3124 1026 3185 exhibuerunt.
1101 3122 1289 3184 Nulla
1335 3123 1448 3184 illis
1484 3123 1718 3184 mucosa
1751 3119 1814 3182 ἃ
1842 3119 2011 3199 poly-

408 3204 599 3282 pifera
626 3203 960 3270 incrustatio
993 3223 1015 3282 3
1053 3204 1187 3287 pori
1219 3218 1417 3271 autem
1453 3204 1727 3271 calcareae
1762 3197 2013 3342 substan-

1940 3299 2011 3345 ιω

1583 3431 1781 3449 '‘u---b-wun
