<?xml version="1.0" encoding="UTF-8"?>
<!DOCTYPE html PUBLIC "-//W3C//DTD XHTML 1.0 Transitional//EN"
    "http://www.w3.org/TR/xhtml1/DTD/xhtml1-transitional.dtd">
<html xmlns="http://www.w3.org/1999/xhtml" xml:lang="en" lang="en">
 <head>
  <title>
</title>
<meta http-equiv="Content-Type" content="text/html;charset=utf-8" />
  <meta name='ocr-system' content='tesseract 3.04.00' />
  <meta name='ocr-capabilities' content='ocr_page ocr_carea ocr_par ocr_line ocrx_word'/>
</head>
<body>
  <div class='ocr_page' id='page_1' title='image "./elenchuszoophyto00pall_0451.png"; bbox 0 0 2167 3612; ppageno 0'>
   <div class='ocr_carea' id='block_1_1' title="bbox 576 212 1719 324">
    <p class='ocr_par' dir='ltr' id='par_1_1' title="bbox 576 212 1719 324">
     <span class='ocr_line' id='line_1_1' title="bbox 576 212 1719 324; baseline 0.009 -23"><span class='ocrx_word' id='word_1_1' title='bbox 576 220 662 302; x_wconf 77' lang='lat' dir='ltr'><strong>&#39;T</strong></span> <span class='ocrx_word' id='word_1_2' title='bbox 739 216 815 301; x_wconf 67' lang='grc' dir='ltr'><em>Ε</em></span> <span class='ocrx_word' id='word_1_3' title='bbox 894 239 963 302; x_wconf 87' lang='grc' dir='ltr'><strong>Ν</strong></span> <span class='ocrx_word' id='word_1_4' title='bbox 1037 242 1068 302; x_wconf 91' lang='lat'>1</span> <span class='ocrx_word' id='word_1_5' title='bbox 1149 212 1273 304; x_wconf 51' lang='lat' dir='ltr'><strong>AL</strong></span> <span class='ocrx_word' id='word_1_6' title='bbox 1594 260 1719 324; x_wconf 77' lang='lat'>411·</span> 
     </span>
    </p>
   </div>
   <div class='ocr_carea' id='block_1_2' title="bbox 114 354 1723 705">
    <p class='ocr_par' dir='ltr' id='par_1_2' title="bbox 114 354 1723 705">
     <span class='ocr_line' id='line_1_2' title="bbox 114 354 1718 460; baseline 0.001 -19"><span class='ocrx_word' id='word_1_7' title='bbox 114 380 299 441; x_wconf 81' lang='lat' dir='ltr'><strong>altero</strong></span> <span class='ocrx_word' id='word_1_8' title='bbox 323 377 508 439; x_wconf 84' lang='lat' dir='ltr'><strong>latere</strong></span> <span class='ocrx_word' id='word_1_9' title='bbox 536 356 795 454; x_wconf 86' lang='lat' dir='ltr'><strong>corporis</strong></span> <span class='ocrx_word' id='word_1_10' title='bbox 815 420 830 447; x_wconf 91' lang='lat'>,</span> <span class='ocrx_word' id='word_1_11' title='bbox 871 371 933 433; x_wconf 90' lang='lat' dir='ltr'><strong>in</strong></span> <span class='ocrx_word' id='word_1_12' title='bbox 962 373 1156 436; x_wconf 89' lang='lat' dir='ltr'><strong>media</strong></span> <span class='ocrx_word' id='word_1_13' title='bbox 1180 354 1447 460; x_wconf 82' lang='lat' dir='ltr'><strong>glandula</strong></span> <span class='ocrx_word' id='word_1_14' title='bbox 1474 380 1532 442; x_wconf 94' lang='lat' dir='ltr'><strong>in</strong></span> <span class='ocrx_word' id='word_1_15' title='bbox 1558 380 1718 442; x_wconf 87' lang='lat' dir='ltr'><strong>idem</strong></span> 
     </span>
     <span class='ocr_line' id='line_1_3' title="bbox 114 453 1723 532; baseline 0 -10"><span class='ocrx_word' id='word_1_16' title='bbox 114 463 260 522; x_wconf 87' lang='lat' dir='ltr'><strong>latus</strong></span> <span class='ocrx_word' id='word_1_17' title='bbox 289 459 634 529; x_wconf 86' lang='lat' dir='ltr'>tumidiore,</span> <span class='ocrx_word' id='word_1_18' title='bbox 660 453 929 515; x_wconf 85' lang='lat' dir='ltr'><strong>solitaria.</strong></span> <span class='ocrx_word' id='word_1_19' title='bbox 977 455 1010 532; x_wconf 93' lang='lat'><em>(</em></span> <span class='ocrx_word' id='word_1_20' title='bbox 1029 455 1225 532; x_wconf 69' lang='lat' dir='ltr'><strong>*Caput</strong></span> <span class='ocrx_word' id='word_1_21' title='bbox 1257 460 1317 519; x_wconf 89' lang='lat' dir='ltr'><strong>in</strong></span> <span class='ocrx_word' id='word_1_22' title='bbox 1350 464 1723 523; x_wconf 79' lang='lat' dir='ltr'><strong>extremitate</strong></span> 
     </span>
     <span class='ocr_line' id='line_1_4' title="bbox 115 535 1720 705; baseline 0.001 -103"><span class='ocrx_word' id='word_1_23' title='bbox 115 543 198 603; x_wconf 85' lang='lat' dir='ltr'><strong>fili</strong></span> <span class='ocrx_word' id='word_1_24' title='bbox 239 591 253 619; x_wconf 94' lang='lat'>,</span> <span class='ocrx_word' id='word_1_25' title='bbox 323 562 398 705; x_wconf 52' lang='grc' dir='ltr'><strong>εἰς</strong></span> <span class='ocrx_word' id='word_1_26' title='bbox 468 552 710 623; x_wconf 85' lang='lat' dir='ltr'><strong>quatuor</strong></span> <span class='ocrx_word' id='word_1_27' title='bbox 787 535 1015 618; x_wconf 79' lang='lat' dir='ltr'><strong>papillis</strong></span> <span class='ocrx_word' id='word_1_28' title='bbox 1086 537 1244 606; x_wconf 80' lang='lat' dir='ltr'><strong>cavis</strong></span> <span class='ocrx_word' id='word_1_29' title='bbox 1315 543 1720 621; x_wconf 80' lang='lat' dir='ltr'><strong>compositum.</strong></span> 
     </span>
     <span class='ocr_line' id='line_1_5' title="bbox 117 626 1210 688; baseline 0.005 -2"><span class='ocrx_word' id='word_1_30' title='bbox 117 626 330 688; x_wconf 76' lang='lat' dir='ltr'><strong>Bonnet.</strong></span> <span class='ocrx_word' id='word_1_31' title='bbox 1206 640 1210 641; x_wconf 72' lang='grc'>’</span> 
     </span>
    </p>
   </div>
   <div class='ocr_carea' id='block_1_3' title="bbox 116 776 1724 946">
    <p class='ocr_par' dir='ltr' id='par_1_3' title="bbox 116 776 1724 946">
     <span class='ocr_line' id='line_1_6' title="bbox 141 776 1723 863; baseline -0.001 -18"><span class='ocrx_word' id='word_1_32' title='bbox 141 797 146 804; x_wconf 84' lang='grc'><em>’</em></span> <span class='ocrx_word' id='word_1_33' title='bbox 193 788 469 845; x_wconf 80' lang='lat' dir='ltr'><strong>Locus:</strong></span> <span class='ocrx_word' id='word_1_34' title='bbox 514 776 936 858; x_wconf 86' lang='lat' dir='ltr'><strong>Helvetorum,</strong></span> <span class='ocrx_word' id='word_1_35' title='bbox 969 782 1377 863; x_wconf 86' lang='lat' dir='ltr'><strong>variorumque</strong></span> <span class='ocrx_word' id='word_1_36' title='bbox 1402 781 1723 863; x_wconf 85' lang='lat' dir='ltr'><strong>quadrupe-</strong></span> 
     </span>
     <span class='ocr_line' id='line_1_7' title="bbox 116 861 1724 946; baseline -0.001 -19"><span class='ocrx_word' id='word_1_37' title='bbox 116 865 276 933; x_wconf 82' lang='lat' dir='ltr'><strong>dium</strong></span> <span class='ocrx_word' id='word_1_38' title='bbox 301 863 605 940; x_wconf 83' lang='lat' dir='ltr'><strong>intestina3</strong></span> <span class='ocrx_word' id='word_1_39' title='bbox 646 861 707 941; x_wconf 75' lang='grc' dir='ltr'><strong>β.</strong></span> <span class='ocrx_word' id='word_1_40' title='bbox 735 863 797 925; x_wconf 90' lang='lat' dir='ltr'><strong>in</strong></span> <span class='ocrx_word' id='word_1_41' title='bbox 820 882 969 926; x_wconf 88' lang='lat' dir='ltr'><strong>cavo</strong></span> <span class='ocrx_word' id='word_1_42' title='bbox 1002 865 1119 927; x_wconf 87' lang='lat' dir='ltr'><strong>alvi</strong></span> <span class='ocrx_word' id='word_1_43' title='bbox 1145 863 1451 946; x_wconf 83' lang='lat' dir='ltr'><strong>Gasterofiei</strong></span> <span class='ocrx_word' id='word_1_44' title='bbox 1479 865 1724 931; x_wconf 75' lang='lat' dir='ltr'><strong><em>aculeati.</em></strong></span> 
     </span>
    </p>
   </div>
   <div class='ocr_carea' id='block_1_4' title="bbox 687 1028 1154 1090">
    <p class='ocr_par' dir='ltr' id='par_1_4' title="bbox 687 1028 1154 1090">
     <span class='ocr_line' id='line_1_8' title="bbox 687 1028 1154 1090; baseline -0.006 0"><span class='ocrx_word' id='word_1_45' title='bbox 687 1028 1154 1090; x_wconf 74' lang='lat' dir='ltr'><strong>NQTAE.</strong></span> 
     </span>
    </p>
   </div>
   <div class='ocr_carea' id='block_1_5' title="bbox 88 1190 1746 3377">
    <p class='ocr_par' dir='ltr' id='par_1_5' title="bbox 88 1190 1746 3377">
     <span class='ocr_line' id='line_1_9' title="bbox 195 1190 1726 1272; baseline 0 -21"><span class='ocrx_word' id='word_1_46' title='bbox 195 1191 386 1271; x_wconf 87' lang='lat' dir='ltr'><strong>Caput</strong></span> <span class='ocrx_word' id='word_1_47' title='bbox 432 1190 603 1272; x_wconf 84' lang='lat' dir='ltr'><strong>hujus</strong></span> <span class='ocrx_word' id='word_1_48' title='bbox 631 1190 857 1260; x_wconf 79' lang='lat' dir='ltr'><strong>Taeniae</strong></span> <span class='ocrx_word' id='word_1_49' title='bbox 902 1209 935 1251; x_wconf 87' lang='lat' dir='ltr'><strong>a</strong></span> <span class='ocrx_word' id='word_1_50' title='bbox 975 1192 1196 1252; x_wconf 82' lang='lat' dir='ltr'><strong>Bonneto</strong></span> <span class='ocrx_word' id='word_1_51' title='bbox 1237 1195 1312 1251; x_wconf 80' lang='lat' dir='ltr'><strong>ex</strong></span> <span class='ocrx_word' id='word_1_52' title='bbox 1350 1190 1592 1252; x_wconf 90' lang='lat' dir='ltr'><strong>homine</strong></span> <span class='ocrx_word' id='word_1_53' title='bbox 1627 1192 1726 1251; x_wconf 90' lang='lat' dir='ltr'><strong>de·</strong></span> 
     </span>
     <span class='ocr_line' id='line_1_10' title="bbox 88 1270 1729 1353; baseline 0.001 -20"><span class='ocrx_word' id='word_1_54' title='bbox 88 1270 392 1350; x_wconf 67' lang='lat' dir='ltr'><strong>‘scripturn</strong></span> <span class='ocrx_word' id='word_1_55' title='bbox 431 1273 722 1333; x_wconf 84' lang='lat' dir='ltr'><strong>diversum</strong></span> <span class='ocrx_word' id='word_1_56' title='bbox 762 1272 843 1332; x_wconf 82' lang='lat' dir='ltr'><strong>cst</strong></span> <span class='ocrx_word' id='word_1_57' title='bbox 879 1293 911 1334; x_wconf 89' lang='lat' dir='ltr'><strong>a</strong></span> <span class='ocrx_word' id='word_1_58' title='bbox 947 1275 1350 1353; x_wconf 87' lang='lat' dir='ltr'><strong>plerarumque</strong></span> <span class='ocrx_word' id='word_1_59' title='bbox 1387 1273 1729 1336; x_wconf 87' lang='lat' dir='ltr'><strong>Taeniarum</strong></span> 
     </span>
     <span class='ocr_line' id='line_1_11' title="bbox 114 1351 1727 1433; baseline 0.001 -21"><span class='ocrx_word' id='word_1_60' title='bbox 114 1370 352 1422; x_wconf 83' lang='lat' dir='ltr'><strong>norma3</strong></span> <span class='ocrx_word' id='word_1_61' title='bbox 394 1371 609 1431; x_wconf 82' lang='lat' dir='ltr'><strong>nempe</strong></span> <span class='ocrx_word' id='word_1_62' title='bbox 639 1371 769 1430; x_wconf 81' lang='lat' dir='ltr'><strong>pars</strong></span> <span class='ocrx_word' id='word_1_63' title='bbox 805 1354 960 1413; x_wconf 82' lang='lat' dir='ltr'><strong>inter</strong></span> <span class='ocrx_word' id='word_1_64' title='bbox 995 1353 1242 1433; x_wconf 12' lang='lat' dir='ltr'><strong>papillas*</strong></span> <span class='ocrx_word' id='word_1_65' title='bbox 1265 1351 1579 1433; x_wconf 59' lang='lat' dir='ltr'><strong>producta,¹</strong></span> <span class='ocrx_word' id='word_1_66' title='bbox 1623 1374 1727 1414; x_wconf 89' lang='lat' dir='ltr'><strong>un—</strong></span> 
     </span>
     <span class='ocr_line' id='line_1_12' title="bbox 113 1432 1731 1514; baseline -0.001 -17"><span class='ocrx_word' id='word_1_67' title='bbox 113 1432 432 1513; x_wconf 83' lang='lat' dir='ltr'><strong>cinulisque</strong></span> <span class='ocrx_word' id='word_1_68' title='bbox 473 1447 752 1494; x_wconf 86' lang='lat' dir='ltr'><strong>coronata</strong></span> <span class='ocrx_word' id='word_1_69' title='bbox 779 1478 795 1505; x_wconf 87' lang='lat'>‚</span> <span class='ocrx_word' id='word_1_70' title='bbox 837 1453 964 1514; x_wconf 84' lang='lat' dir='ltr'><strong>quae</strong></span> <span class='ocrx_word' id='word_1_71' title='bbox 1014 1435 1076 1497; x_wconf 90' lang='lat' dir='ltr'><strong>in</strong></span> <span class='ocrx_word' id='word_1_72' title='bbox 1124 1435 1204 1495; x_wconf 91' lang='lat' dir='ltr'><strong>T.</strong></span> <span class='ocrx_word' id='word_1_73' title='bbox 1246 1437 1600 1508; x_wconf 78' lang='lat' dir='ltr'><strong>cucurbitina,</strong></span> <span class='ocrx_word' id='word_1_74' title='bbox 1644 1454 1731 1496; x_wconf 71' lang='lat' dir='ltr'><strong>ca-</strong></span> 
     </span>
     <span class='ocr_line' id='line_1_13' title="bbox 114 1510 1746 1595; baseline 0.001 -21"><span class='ocrx_word' id='word_1_75' title='bbox 114 1517 242 1574; x_wconf 83' lang='lat' dir='ltr'><strong>nina</strong></span> <span class='ocrx_word' id='word_1_76' title='bbox 278 1510 347 1574; x_wconf 71' lang='grc' dir='ltr'><strong>δε</strong></span> <span class='ocrx_word' id='word_1_77' title='bbox 388 1514 699 1595; x_wconf 75' lang='lat' dir='ltr'><strong>hydatigena</strong></span> <span class='ocrx_word' id='word_1_78' title='bbox 726 1512 1137 1579; x_wconf 67' lang='lat' dir='ltr'><strong>distinctiffima</strong></span> <span class='ocrx_word' id='word_1_79' title='bbox 1175 1513 1258 1578; x_wconf 90' lang='lat' dir='ltr'><strong>est</strong></span> <span class='ocrx_word' id='word_1_80' title='bbox 1271 1562 1290 1591; x_wconf 86' lang='lat'>‚</span> <span class='ocrx_word' id='word_1_81' title='bbox 1333 1516 1471 1579; x_wconf 88' lang='lat' dir='ltr'><strong>huic</strong></span> <span class='ocrx_word' id='word_1_82' title='bbox 1508 1516 1746 1578; x_wconf 73' lang='lat' dir='ltr'><strong>deficit.v</strong></span> 
     </span>
     <span class='ocr_line' id='line_1_14' title="bbox 111 1596 1729 1677; baseline 0.002 -22"><span class='ocrx_word' id='word_1_83' title='bbox 111 1596 439 1657; x_wconf 85' lang='lat' dir='ltr'><strong>Multarum</strong></span> <span class='ocrx_word' id='word_1_84' title='bbox 469 1598 731 1657; x_wconf 84' lang='lat' dir='ltr'><strong>ulnarum</strong></span> <span class='ocrx_word' id='word_1_85' title='bbox 765 1596 1135 1677; x_wconf 83' lang='lat' dir='ltr'><strong>longitudine</strong></span> <span class='ocrx_word' id='word_1_86' title='bbox 1171 1616 1246 1658; x_wconf 87' lang='lat' dir='ltr'><strong>ex</strong></span> <span class='ocrx_word' id='word_1_87' title='bbox 1272 1597 1602 1659; x_wconf 90' lang='lat' dir='ltr'><strong>hominibus</strong></span> <span class='ocrx_word' id='word_1_88' title='bbox 1629 1597 1729 1659; x_wconf 87' lang='lat' dir='ltr'><strong>de·</strong></span> 
     </span>
     <span class='ocr_line' id='line_1_15' title="bbox 109 1676 1730 1754; baseline 0.001 -16"><span class='ocrx_word' id='word_1_89' title='bbox 109 1677 366 1754; x_wconf 64' lang='lat' dir='ltr'><strong>pelliturss</strong></span> <span class='ocrx_word' id='word_1_90' title='bbox 448 1676 772 1739; x_wconf 87' lang='lat' dir='ltr'><strong>Praesertitn</strong></span> <span class='ocrx_word' id='word_1_91' title='bbox 836 1678 1130 1740; x_wconf 82' lang='lat' dir='ltr'><strong>Helvetos</strong></span> <span class='ocrx_word' id='word_1_92' title='bbox 1191 1677 1425 1742; x_wconf 88' lang='lat' dir='ltr'><strong>infestat</strong></span> <span class='ocrx_word' id='word_1_93' title='bbox 1466 1725 1483 1753; x_wconf 90' lang='lat'><strong><em>‚</em></strong></span> <span class='ocrx_word' id='word_1_94' title='bbox 1536 1679 1730 1751; x_wconf 88' lang='lat' dir='ltr'><strong>unde,</strong></span> 
     </span>
     <span class='ocr_line' id='line_1_16' title="bbox 113 1757 1730 1840; baseline 0.001 -21"><span class='ocrx_word' id='word_1_95' title='bbox 113 1778 292 1839; x_wconf 87' lang='lat' dir='ltr'><strong>quum</strong></span> <span class='ocrx_word' id='word_1_96' title='bbox 322 1757 584 1834; x_wconf 82' lang='lat' dir='ltr'><strong>facilius,</strong></span> <span class='ocrx_word' id='word_1_97' title='bbox 627 1771 799 1840; x_wconf 82' lang='lat' dir='ltr'><strong>quam</strong></span> <span class='ocrx_word' id='word_1_98' title='bbox 836 1759 1069 1840; x_wconf 87' lang='lat' dir='ltr'><strong>reliquae</strong></span> <span class='ocrx_word' id='word_1_99' title='bbox 1104 1760 1326 1822; x_wconf 78' lang='lat' dir='ltr'><strong>Taeniae</strong></span> <span class='ocrx_word' id='word_1_100' title='bbox 1347 1807 1364 1834; x_wconf 90' lang='lat'>,</span> <span class='ocrx_word' id='word_1_101' title='bbox 1407 1759 1730 1840; x_wconf 76' lang='lat' dir='ltr'><strong>praesertim</strong></span> 
     </span>
     <span class='ocr_line' id='line_1_17' title="bbox 113 1839 1726 1922; baseline 0.001 -24"><span class='ocrx_word' id='word_1_102' title='bbox 113 1839 194 1898; x_wconf 90' lang='lat' dir='ltr'><strong>T.</strong></span> <span class='ocrx_word' id='word_1_103' title='bbox 238 1842 556 1901; x_wconf 77' lang='lat' dir='ltr'><strong>cucurbitina</strong></span> <span class='ocrx_word' id='word_1_104' title='bbox 581 1886 598 1914; x_wconf 93' lang='lat'>,</span> <span class='ocrx_word' id='word_1_105' title='bbox 665 1840 1110 1903; x_wconf 80' lang='lat' dir='ltr'><strong>medicamentis</strong></span> <span class='ocrx_word' id='word_1_106' title='bbox 1168 1841 1470 1922; x_wconf 80' lang='lat' dir='ltr'><strong>exstirpari</strong></span> <span class='ocrx_word' id='word_1_107' title='bbox 1509 1842 1679 1920; x_wconf 84' lang='lat' dir='ltr'><strong>poffit</strong></span> <span class='ocrx_word' id='word_1_108' title='bbox 1707 1889 1726 1914; x_wconf 91' lang='lat'>,</span> 
     </span>
     <span class='ocr_line' id='line_1_18' title="bbox 112 1919 1729 2001; baseline 0.001 -21"><span class='ocrx_word' id='word_1_109' title='bbox 112 1935 247 1980; x_wconf 89' lang='lat' dir='ltr'><strong>nata</strong></span> <span class='ocrx_word' id='word_1_110' title='bbox 274 1919 356 1981; x_wconf 88' lang='lat' dir='ltr'><strong>est</strong></span> <span class='ocrx_word' id='word_1_111' title='bbox 380 1921 414 1981; x_wconf 95' lang='lat' dir='ltr'><strong>s</strong></span> <span class='ocrx_word' id='word_1_112' title='bbox 404 1922 785 2001; x_wconf 83' lang='lat' dir='ltr'><strong>pecificorum</strong></span> <span class='ocrx_word' id='word_1_113' title='bbox 808 1923 870 1983; x_wconf 90' lang='lat' dir='ltr'><strong>in</strong></span> <span class='ocrx_word' id='word_1_114' title='bbox 900 1923 1177 1984; x_wconf 84' lang='lat' dir='ltr'><strong>Helvetia</strong></span> <span class='ocrx_word' id='word_1_115' title='bbox 1207 1922 1729 1999; x_wconf 75' lang='lat' dir='ltr'><strong>Herrenschwandia·</strong></span> 
     </span>
     <span class='ocr_line' id='line_1_19' title="bbox 108 2000 1726 2078; baseline 0.002 -17"><span class='ocrx_word' id='word_1_116' title='bbox 108 2000 258 2075; x_wconf 70' lang='lat' dir='ltr'><strong>ni&amp;</strong></span> <span class='ocrx_word' id='word_1_117' title='bbox 295 2001 613 2078; x_wconf 82' lang='lat' dir='ltr'><strong>Moratenfis</strong></span> <span class='ocrx_word' id='word_1_118' title='bbox 649 2003 819 2061; x_wconf 86' lang='lat' dir='ltr'><strong>fama.</strong></span> <span class='ocrx_word' id='word_1_119' title='bbox 904 2003 1084 2059; x_wconf 79' lang='lat' dir='ltr'><strong>Extra</strong></span> <span class='ocrx_word' id='word_1_120' title='bbox 1122 2002 1468 2062; x_wconf 86' lang='lat' dir='ltr'><strong>Helvetiam</strong></span> <span class='ocrx_word' id='word_1_121' title='bbox 1502 2021 1627 2063; x_wconf 89' lang='lat' dir='ltr'><strong>rara</strong></span> <span class='ocrx_word' id='word_1_122' title='bbox 1665 2003 1726 2065; x_wconf 86' lang='lat' dir='ltr'><strong>in</strong></span> 
     </span>
     <span class='ocr_line' id='line_1_20' title="bbox 108 2079 1737 2160; baseline -0.001 -17"><span class='ocrx_word' id='word_1_123' title='bbox 108 2083 443 2143; x_wconf 87' lang='lat' dir='ltr'><strong>horninibus</strong></span> <span class='ocrx_word' id='word_1_124' title='bbox 469 2084 838 2152; x_wconf 87' lang='lat' dir='ltr'><strong>observatur,</strong></span> <span class='ocrx_word' id='word_1_125' title='bbox 880 2079 1080 2138; x_wconf 84' lang='lat' dir='ltr'><strong>saltem</strong></span> <span class='ocrx_word' id='word_1_126' title='bbox 1119 2082 1306 2138; x_wconf 87' lang='lat' dir='ltr'><strong>multo</strong></span> <span class='ocrx_word' id='word_1_127' title='bbox 1333 2082 1513 2140; x_wconf 87' lang='lat' dir='ltr'><strong>rarius</strong></span> <span class='ocrx_word' id='word_1_128' title='bbox 1554 2101 1737 2160; x_wconf 82' lang='lat' dir='ltr'><strong>quam</strong></span> 
     </span>
     <span class='ocr_line' id='line_1_21' title="bbox 109 2161 1726 2242; baseline 0.002 -21"><span class='ocrx_word' id='word_1_129' title='bbox 109 2163 207 2222; x_wconf 86' lang='lat' dir='ltr'><strong>vel</strong></span> <span class='ocrx_word' id='word_1_130' title='bbox 251 2163 331 2223; x_wconf 87' lang='lat' dir='ltr'><strong>T.</strong></span> <span class='ocrx_word' id='word_1_131' title='bbox 368 2161 558 2242; x_wconf 72' lang='lat' dir='ltr'><strong>gryfiea</strong></span> <span class='ocrx_word' id='word_1_132' title='bbox 587 2162 686 2220; x_wconf 86' lang='lat' dir='ltr'><strong>vel</strong></span> <span class='ocrx_word' id='word_1_133' title='bbox 721 2161 1059 2218; x_wconf 74' lang='lat' dir='ltr'><strong>cucurbitina.</strong></span> <span class='ocrx_word' id='word_1_134' title='bbox 1102 2192 1181 2203; x_wconf 81' lang='lat'><strong>—-</strong></span> <span class='ocrx_word' id='word_1_135' title='bbox 1220 2162 1288 2218; x_wconf 87' lang='lat' dir='ltr'><strong>In</strong></span> <span class='ocrx_word' id='word_1_136' title='bbox 1326 2162 1539 2220; x_wconf 78' lang='lat' dir='ltr'><strong>canibus</strong></span> <span class='ocrx_word' id='word_1_137' title='bbox 1578 2163 1726 2224; x_wconf 77' lang='lat' dir='ltr'><strong>mihi</strong></span> 
     </span>
     <span class='ocr_line' id='line_1_22' title="bbox 112 2237 1728 2320; baseline 0.001 -19"><span class='ocrx_word' id='word_1_138' title='bbox 112 2261 407 2320; x_wconf 80' lang='lat' dir='ltr'><strong>nunquam</strong></span> <span class='ocrx_word' id='word_1_139' title='bbox 431 2241 553 2301; x_wconf 84' lang='lat' dir='ltr'><strong>visa</strong></span> <span class='ocrx_word' id='word_1_140' title='bbox 598 2237 710 2312; x_wconf 87' lang='lat' dir='ltr'><strong>est,</strong></span> <span class='ocrx_word' id='word_1_141' title='bbox 751 2239 998 2298; x_wconf 79' lang='lat' dir='ltr'><strong>Linnoeus</strong></span> <span class='ocrx_word' id='word_1_142' title='bbox 1026 2259 1166 2300; x_wconf 73' lang='lat' dir='ltr'><strong>vero</strong></span> <span class='ocrx_word' id='word_1_143' title='bbox 1206 2239 1266 2301; x_wconf 92' lang='lat' dir='ltr'><strong>in</strong></span> <span class='ocrx_word' id='word_1_144' title='bbox 1303 2241 1507 2302; x_wconf 89' lang='lat' dir='ltr'><strong>Suecia</strong></span> <span class='ocrx_word' id='word_1_145' title='bbox 1536 2244 1728 2303; x_wconf 88' lang='lat' dir='ltr'><strong>obser·</strong></span> 
     </span>
     <span class='ocr_line' id='line_1_23' title="bbox 112 2319 1725 2402; baseline 0.001 -19"><span class='ocrx_word' id='word_1_146' title='bbox 112 2322 280 2383; x_wconf 86' lang='lat' dir='ltr'><strong>vavit</strong></span> <span class='ocrx_word' id='word_1_147' title='bbox 308 2319 690 2399; x_wconf 87' lang='lat' dir='ltr'><strong>frequentem.</strong></span> <span class='ocrx_word' id='word_1_148' title='bbox 734 2352 811 2363; x_wconf 89' lang='lat'><em>—-—-</em></span> <span class='ocrx_word' id='word_1_149' title='bbox 851 2320 919 2379; x_wconf 92' lang='lat' dir='ltr'><strong>In</strong></span> <span class='ocrx_word' id='word_1_150' title='bbox 946 2338 1180 2396; x_wconf 65' lang='lat' dir='ltr'><strong>equorum</strong></span> <span class='ocrx_word' id='word_1_151' title='bbox 1210 2323 1537 2382; x_wconf 87' lang='lat' dir='ltr'><strong>ventriculo</strong></span> <span class='ocrx_word' id='word_1_152' title='bbox 1582 2344 1725 2402; x_wconf 82' lang='lat' dir='ltr'><strong>prae-</strong></span> 
     </span>
     <span class='ocr_line' id='line_1_24' title="bbox 113 2399 1726 2482; baseline 0.002 -21"><span class='ocrx_word' id='word_1_153' title='bbox 113 2418 207 2466; x_wconf 86' lang='lat' dir='ltr'><strong>ter</strong></span> <span class='ocrx_word' id='word_1_154' title='bbox 233 2403 441 2467; x_wconf 82' lang='lat' dir='ltr'><strong>Larvas</strong></span> <span class='ocrx_word' id='word_1_155' title='bbox 466 2399 606 2480; x_wconf 78' lang='lat' dir='ltr'><strong>oestri</strong></span> <span class='ocrx_word' id='word_1_156' title='bbox 631 2401 833 2478; x_wconf 80' lang='lat' dir='ltr'><strong>equini,</strong></span> <span class='ocrx_word' id='word_1_157' title='bbox 864 2400 1133 2476; x_wconf 65' lang='lat' dir='ltr'><strong>Assscarides</strong></span> <span class='ocrx_word' id='word_1_158' title='bbox 1159 2404 1509 2465; x_wconf 78' lang='lat' dir='ltr'><strong>lumbricoides</strong></span> <span class='ocrx_word' id='word_1_159' title='bbox 1537 2403 1598 2465; x_wconf 69' lang='grc' dir='ltr'><strong>ἃ</strong></span> <span class='ocrx_word' id='word_1_160' title='bbox 1618 2407 1726 2482; x_wconf 82' lang='lat' dir='ltr'><strong>pol-</strong></span> 
     </span>
     <span class='ocr_line' id='line_1_25' title="bbox 115 2482 1725 2562; baseline 0.004 -19"><span class='ocrx_word' id='word_1_161' title='bbox 115 2484 303 2555; x_wconf 81' lang='lat' dir='ltr'><strong>licares</strong></span> <span class='ocrx_word' id='word_1_162' title='bbox 325 2482 605 2544; x_wconf 81' lang='lat' dir='ltr'><strong>maximas</strong></span> <span class='ocrx_word' id='word_1_163' title='bbox 632 2528 648 2556; x_wconf 89' lang='lat'>,</span> <span class='ocrx_word' id='word_1_164' title='bbox 665 2483 1027 2562; x_wconf 81' lang='lat' dir='ltr'><strong>reperiuntur</strong></span> <span class='ocrx_word' id='word_1_165' title='bbox 1048 2485 1340 2545; x_wconf 82' lang='lat' dir='ltr'><strong>interdurn</strong></span> <span class='ocrx_word' id='word_1_166' title='bbox 1358 2484 1581 2547; x_wconf 83' lang='lat' dir='ltr'><strong>Taeniae</strong></span> <span class='ocrx_word' id='word_1_167' title='bbox 1597 2489 1725 2550; x_wconf 86' lang='lat' dir='ltr'><strong>lati-</strong></span> 
     </span>
     <span class='ocr_line' id='line_1_26' title="bbox 112 2563 1730 2648; baseline 0.002 -22"><span class='ocrx_word' id='word_1_168' title='bbox 112 2566 317 2627; x_wconf 84' lang='lat' dir='ltr'><strong>tudine</strong></span> <span class='ocrx_word' id='word_1_169' title='bbox 342 2564 545 2643; x_wconf 79' lang='lat' dir='ltr'><strong>digiti,</strong></span> <span class='ocrx_word' id='word_1_170' title='bbox 595 2583 658 2638; x_wconf 89' lang='lat'><strong>1,</strong></span> <span class='ocrx_word' id='word_1_171' title='bbox 704 2582 771 2640; x_wconf 81' lang='lat'><strong>2,</strong></span> <span class='ocrx_word' id='word_1_172' title='bbox 820 2584 885 2640; x_wconf 84' lang='lat'><strong>3,</strong></span> <span class='ocrx_word' id='word_1_173' title='bbox 927 2564 1105 2625; x_wconf 88' lang='lat' dir='ltr'><strong>rarius</strong></span> <span class='ocrx_word' id='word_1_174' title='bbox 1130 2563 1265 2626; x_wconf 65' lang='lat' dir='ltr'><strong>osto</strong></span> <span class='ocrx_word' id='word_1_175' title='bbox 1291 2566 1574 2627; x_wconf 89' lang='lat' dir='ltr'><strong>decemve</strong></span> <span class='ocrx_word' id='word_1_176' title='bbox 1597 2572 1730 2648; x_wconf 70' lang='lat' dir='ltr'><strong>pol-⁴</strong></span> 
     </span>
     <span class='ocr_line' id='line_1_27' title="bbox 112 2645 1727 2725; baseline -0.001 -14"><span class='ocrx_word' id='word_1_177' title='bbox 112 2650 253 2712; x_wconf 88' lang='lat' dir='ltr'><strong>lices</strong></span> <span class='ocrx_word' id='word_1_178' title='bbox 287 2647 470 2725; x_wconf 84' lang='lat' dir='ltr'><strong>longae</strong></span> <span class='ocrx_word' id='word_1_179' title='bbox 488 2686 507 2718; x_wconf 85' lang='lat'>,</span> <span class='ocrx_word' id='word_1_180' title='bbox 551 2645 770 2719; x_wconf 77' lang='lat' dir='ltr'><strong>niveae,</strong></span> <span class='ocrx_word' id='word_1_181' title='bbox 796 2645 952 2723; x_wconf 84' lang='lat' dir='ltr'><strong>rugis</strong></span> <span class='ocrx_word' id='word_1_182' title='bbox 980 2647 1342 2708; x_wconf 86' lang='lat' dir='ltr'><strong>creberrimis</strong></span> <span class='ocrx_word' id='word_1_183' title='bbox 1369 2648 1727 2724; x_wconf 84' lang='lat' dir='ltr'><strong>imbricatae,</strong></span> 
     </span>
     <span class='ocr_line' id='line_1_28' title="bbox 114 2725 1724 2811; baseline 0.001 -21"><span class='ocrx_word' id='word_1_184' title='bbox 114 2727 395 2810; x_wconf 82' lang='lat' dir='ltr'><strong>glandulis</strong></span> <span class='ocrx_word' id='word_1_185' title='bbox 421 2727 739 2808; x_wconf 82' lang='lat' dir='ltr'><strong>osculisque</strong></span> <span class='ocrx_word' id='word_1_186' title='bbox 766 2725 1076 2788; x_wconf 83' lang='lat' dir='ltr'><strong>vifibilibus</strong></span> <span class='ocrx_word' id='word_1_187' title='bbox 1107 2726 1393 2789; x_wconf 83' lang='lat' dir='ltr'><strong>destitutae</strong></span> <span class='ocrx_word' id='word_1_188' title='bbox 1412 2770 1432 2801; x_wconf 94' lang='lat'>,</span> <span class='ocrx_word' id='word_1_189' title='bbox 1457 2730 1724 2811; x_wconf 85' lang='lat' dir='ltr'><strong>utrinque</strong></span> 
     </span>
     <span class='ocr_line' id='line_1_29' title="bbox 114 2808 1723 2892; baseline 0.002 -23"><span class='ocrx_word' id='word_1_190' title='bbox 114 2809 333 2872; x_wconf 74' lang='lat' dir='ltr'><strong>obtusae</strong></span> <span class='ocrx_word' id='word_1_191' title='bbox 361 2853 380 2883; x_wconf 94' lang='lat'><strong>‚</strong></span> <span class='ocrx_word' id='word_1_192' title='bbox 437 2809 728 2887; x_wconf 81' lang='lat' dir='ltr'><strong>alteraque</strong></span> <span class='ocrx_word' id='word_1_193' title='bbox 770 2809 1140 2869; x_wconf 81' lang='lat' dir='ltr'><strong>extremitate</strong></span> <span class='ocrx_word' id='word_1_194' title='bbox 1187 2808 1473 2873; x_wconf 60' lang='lat' dir='ltr'><strong>instruetae</strong></span> <span class='ocrx_word' id='word_1_195' title='bbox 1527 2815 1723 2892; x_wconf 85' lang='lat' dir='ltr'><strong>capite</strong></span> 
     </span>
     <span class='ocr_line' id='line_1_30' title="bbox 113 2889 1722 2969; baseline 0.005 -19"><span class='ocrx_word' id='word_1_196' title='bbox 113 2890 516 2969; x_wconf 84' lang='lat' dir='ltr'><strong>magnitudine</strong></span> <span class='ocrx_word' id='word_1_197' title='bbox 549 2889 838 2960; x_wconf 78' lang='lat' dir='ltr'><strong>lenticulae</strong></span> <span class='ocrx_word' id='word_1_198' title='bbox 867 2935 884 2962; x_wconf 92' lang='lat'>‚</span> <span class='ocrx_word' id='word_1_199' title='bbox 937 2889 1429 2969; x_wconf 83' lang='lat' dir='ltr'><strong>subquadrangulo</strong></span> <span class='ocrx_word' id='word_1_200' title='bbox 1456 2936 1475 2964; x_wconf 91' lang='lat'>,</span> <span class='ocrx_word' id='word_1_201' title='bbox 1529 2897 1722 2958; x_wconf 87' lang='lat' dir='ltr'><strong>antice</strong></span> 
     </span>
     <span class='ocr_line' id='line_1_31' title="bbox 114 2969 1721 3052; baseline 0.002 -20"><span class='ocrx_word' id='word_1_202' title='bbox 114 2975 288 3052; x_wconf 86' lang='lat' dir='ltr'><strong>plano</strong></span> <span class='ocrx_word' id='word_1_203' title='bbox 325 2971 387 3033; x_wconf 74' lang='grc' dir='ltr'><strong>δε</strong></span> <span class='ocrx_word' id='word_1_204' title='bbox 413 2985 658 3052; x_wconf 83' lang='lat' dir='ltr'><strong>quatuor</strong></span> <span class='ocrx_word' id='word_1_205' title='bbox 689 2969 1068 3031; x_wconf 84' lang='lat' dir='ltr'><strong>foraminibus</strong></span> <span class='ocrx_word' id='word_1_206' title='bbox 1098 2971 1395 3049; x_wconf 86' lang='lat' dir='ltr'><strong>perforato</strong></span> <span class='ocrx_word' id='word_1_207' title='bbox 1422 3018 1436 3042; x_wconf 89' lang='lat'>‚</span> <span class='ocrx_word' id='word_1_208' title='bbox 1481 2992 1595 3052; x_wconf 89' lang='lat' dir='ltr'><strong>quo</strong></span> <span class='ocrx_word' id='word_1_209' title='bbox 1624 2979 1721 3036; x_wconf 85' lang='lat' dir='ltr'><strong>ad-</strong></span> 
     </span>
     <span class='ocr_line' id='line_1_32' title="bbox 113 3051 1718 3132; baseline 0.003 -22"><span class='ocrx_word' id='word_1_210' title='bbox 113 3054 340 3121; x_wconf 80' lang='lat' dir='ltr'><strong>haerent</strong></span> <span class='ocrx_word' id='word_1_211' title='bbox 373 3051 601 3114; x_wconf 89' lang='lat' dir='ltr'><strong>tunicis.</strong></span> <span class='ocrx_word' id='word_1_212' title='bbox 685 3052 904 3132; x_wconf 84' lang='lat' dir='ltr'><strong>Capitis</strong></span> <span class='ocrx_word' id='word_1_213' title='bbox 946 3051 1218 3114; x_wconf 62' lang='lat' dir='ltr'><strong>structura</strong></span> <span class='ocrx_word' id='word_1_214' title='bbox 1255 3051 1317 3113; x_wconf 69' lang='grc' dir='ltr'>ἃ</span> <span class='ocrx_word' id='word_1_215' title='bbox 1371 3052 1552 3116; x_wconf 78' lang='lat' dir='ltr'><strong>facies</strong></span> <span class='ocrx_word' id='word_1_216' title='bbox 1594 3059 1718 3121; x_wconf 88' lang='lat' dir='ltr'><strong>lon-</strong></span> 
     </span>
     <span class='ocr_line' id='line_1_33' title="bbox 114 3132 1715 3214; baseline 0.002 -20"><span class='ocrx_word' id='word_1_217' title='bbox 114 3132 346 3213; x_wconf 79' lang='lat' dir='ltr'><strong>giorum</strong></span> <span class='ocrx_word' id='word_1_218' title='bbox 442 3153 516 3196; x_wconf 83' lang='lat' dir='ltr'><strong>ex</strong></span> <span class='ocrx_word' id='word_1_219' title='bbox 597 3133 686 3195; x_wconf 87' lang='lat' dir='ltr'><strong>his</strong></span> <span class='ocrx_word' id='word_1_220' title='bbox 777 3132 998 3194; x_wconf 85' lang='lat' dir='ltr'><strong>Taeniis</strong></span> <span class='ocrx_word' id='word_1_221' title='bbox 1114 3155 1208 3194; x_wconf 88' lang='lat' dir='ltr'><strong>eas</strong></span> <span class='ocrx_word' id='word_1_222' title='bbox 1317 3135 1483 3213; x_wconf 86' lang='lat' dir='ltr'><strong>hujus</strong></span> <span class='ocrx_word' id='word_1_223' title='bbox 1590 3136 1715 3214; x_wconf 86' lang='lat' dir='ltr'><strong>spe·</strong></span> 
     </span>
     <span class='ocr_line' id='line_1_34' title="bbox 112 3213 1730 3300; baseline 0 -23"><span class='ocrx_word' id='word_1_224' title='bbox 112 3214 226 3287; x_wconf 80' lang='lat' dir='ltr'><strong>ciei</strong></span> <span class='ocrx_word' id='word_1_225' title='bbox 268 3215 616 3300; x_wconf 84' lang='lat' dir='ltr'><strong>degenerem</strong></span> <span class='ocrx_word' id='word_1_226' title='bbox 663 3213 789 3283; x_wconf 72' lang='lat' dir='ltr'><strong>‘effe</strong></span> <span class='ocrx_word' id='word_1_227' title='bbox 839 3215 1181 3286; x_wconf 79' lang='lat' dir='ltr'><strong>varietatem</strong></span> <span class='ocrx_word' id='word_1_228' title='bbox 1220 3223 1282 3282; x_wconf 82' lang='lat' dir='ltr'><strong>ut</strong></span> <span class='ocrx_word' id='word_1_229' title='bbox 1325 3215 1561 3276; x_wconf 82' lang='lat' dir='ltr'><strong>&#39;credam</strong></span> <span class='ocrx_word' id='word_1_230' title='bbox 1596 3217 1730 3278; x_wconf 71' lang='lat' dir='ltr'><strong>sua-‘</strong></span> 
     </span>
     <span class='ocr_line' id='line_1_35' title="bbox 143 3299 1717 3377; baseline 0.005 -8"><span class='ocrx_word' id='word_1_231' title='bbox 143 3318 148 3324; x_wconf 83' lang='lat'>·</span> <span class='ocrx_word' id='word_1_232' title='bbox 1573 3299 1717 3377; x_wconf 57' lang='lat' dir='ltr'><strong>dem</strong></span> 
     </span>
    </p>
   </div>
  </div>
 </body>
</html>
