2167 3612
397 205 472 269 μ
794 179 1535 257 zooPHYTA

402 319 606 383 cirrhis
620 317 952 389 numerosiS,
972 316 1126 376 circa
1137 334 1309 396 caput
1325 318 1606 398 dispositis
1622 317 1976 393 instrufflmm,

404 403 468 464 &
503 400 684 460 fundo
737 400 949 460 cellulae
999 397 1400 473 implantatum
1439 397 1670 472 sistunt3
1729 421 1972 480 quorum

407 479 705 563 quodlibet
763 479 1000 559 proprio
1051 495 1214 539 motu
1268 478 1329 541 δε
1390 483 1690 541 voluntate
1741 482 1974 559 gaudet.

406 565 467 625 Si
496 578 756 622 recentes
785 560 845 622 ὃς
877 560 1040 619 vivas
1068 559 1127 619 in
1155 563 1320 639 Aqua
1359 564 1608 636 marina,
1650 561 1851 638 saepius
1889 583 1977 621 re-

407 660 626 705 novata
668 643 981 702 servaveris
1024 639 1314 717 Eschara53
1367 659 1687 704 extremam
1720 642 1977 720 cujusvis

403 725 570 786 seriei
621 724 879 783 cellulam
919 741 1207 800 gemmam
1260 724 1407 803 quasi
1445 725 1674 784 trudere
1714 723 1979 784 observa-

405 808 493 868 bis
511 852 526 877 ,
561 825 685 883 quae
714 804 862 883 saepe
889 804 1058 863 aliam
1092 805 1310 883 pariter
1336 806 1555 884 prolem
1588 805 1766 864 trudit
1794 806 1975 882 prius·

405 906 576 965 quam
614 900 926 964 rumpatur.
1033 884 1280 946 Gemma
1329 886 1581 965 undique
1631 884 1817 946 clausa
1860 885 1976 963 pri·

403 986 564 1027 mum
593 966 655 1027 &
692 967 879 1026 mollis
908 964 987 1026 est
1015 986 1032 1037 3
1076 969 1329 1046 aperitur
1356 968 1489 1028 dein
1517 1016 1532 1042 ‚
1576 964 1637 1027 δε
1664 967 1978 1046 polypum,

401 1048 603 1108 sensim
629 1047 1045 1128 perficiendum
1062 1094 1078 1122 ,
1097 1048 1339 1122 exserit,
1361 1069 1474 1127 quo
1500 1047 1695 1109 adulto
1723 1047 1976 1106 durescit

401 1128 603 1188 senfim
635 1130 837 1187 cellula
875 1144 1045 1208 atque
1080 1129 1323 1208 Escharce
1380 1129 1746 1188 substantiam
1789 1128 1976 1186 conti-

399 1225 558 1270 nuat.
594 1257 595 1260 η
642 1209 1148 1285 Lapidescentium
1189 1208 1531 1289 Escharcmlm
1558 1210 1844 1285 margines
1870 1207 1978 1266 im-

398 1288 686 1369 perfthas
723 1289 932 1366 ubique
969 1293 1198 1350 cellulas
1220 1338 1237 1362 ,
1278 1290 1598 1350 loculorum
1644 1303 1977 1366 apertorum

398 1371 607 1429 ssmiles
632 1368 856 1442 sistunt,
915 1385 1119 1448 utpote
1160 1389 1399 1446 quarum
1434 1370 1629 1428 antica
1667 1368 1975 1447 perficiens

398 1467 563 1527 parS,
607 1467 732 1524 quae
759 1451 947 1509 mollis
973 1450 1160 1510 adhuc
1188 1449 1408 1522 fuerat,
1448 1450 1839 1509 maceratione
1876 1469 1976 1526 pe·

397 1529 538 1600 riit,
582 1526 801 1605 postica
849 1530 1071 1605 pariete
1098 1576 1114 1602 ,
1181 1550 1350 1609 quam
1393 1529 1530 1590 hinc
1568 1532 1812 1609 primam
1849 1529 1979 1590 soli·

398 1609 635 1669 descere
662 1606 1052 1681 discimu8‚&
1097 1609 1391 1688 septorum
1436 1627 1599 1690 parte
1629 1626 1853 1671 tantum
1888 1609 1978 1669 su-

398 1688 751 1770 perstitibus.
771 1688 1110 1766 Plerumque
1137 1691 1477 1771 marginales
1495 1694 1710 1752 cellulae
1735 1691 1978 1769 simplici

399 1786 630 1831 tantum
690 1768 980 1848 gemmula
1023 1770 1303 1846 produfita
1353 1771 1577 1833 seriem·
1610 1774 1976 1832 continuant.

397 1851 600 1913 Paffim
630 1870 774 1910 vero
818 1850 1143 1928 duplicem,
1201 1865 1260 1907 at
1289 1869 1406 1931 non
1441 1855 1651 1912 eodem
1681 1870 1982 1931 tempore,

399 1932 787 2012 propullulare
833 1931 1182 2009 gemmulam
1235 1930 1470 2000 videas,
1523 1950 1762 2009 quarum
1803 1937 1980 1994 altera

399 2032 695 2091 nunquam
751 2011 1024 2090 perfecitae
1078 2011 1294 2070 cellulae
1339 2010 1586 2071 formam
1625 2027 1722 2071 aut
1767 2016 1993 2073 molem,

400 2093 768 2173 adipiscitur,
814 2112 1029 2152 novam
1063 2107 1257 2154 tamen
1296 2093 1623 2158 cellularum
1660 2091 1865 2152 seriem
1899 2094 1983 2152 in-

401 2176 616 2248 ,ch-oat3
662 2175 814 2234 unde
838 2174 1097 2252 plurimis
1123 2173 1261 2252 hinc
1289 2173 1424 2233 inde
1457 2174 1558 2233 tali
1581 2173 1761 2232 modo
1801 2175 1978 2233 inter-

399 2257 600 2317 calatis
650 2255 937 2328 seriebuS,
1006 2255 1253 2333 antiquae
1304 2254 1611 2333 divergere
1657 2254 1928 2314 videntur
1957 2300 1976 2327 ,

401 2337 666 2416 quamvis
692 2335 817 2396 fere
843 2336 1123 2415 parallelae
1157 2335 1461 2395 decurrant
1487 2382 1503 2409 ,
1522 2333 1585 2395 ἅ
1615 2334 1878 2395 Escharae
1901 2335 1976 2395 fic

399 2417 602 2479 crusta*
627 2415 923 2497 progress'u
966 2414 1165 2477 sensim
1214 2416 1274 2476 in
1313 2418 1595 2495 majorem
1629 2417 1973 2495 expanditur

397 2497 784 2560 latitudinem.
875 2500 1018 2558 Cum
1069 2500 1263 2558 autem
1296 2517 1421 2577 quae
1458 2517 1639 2558 novas
1680 2498 1852 2556 series
1890 2496 1976 2556 in·

399 2579 614 2642 choant
647 2579 982 2658 gemmulae,
1026 2599 1313 2658 nunquam
1338 2579 1655 2638 naturalem
1690 2577 1976 2654 magnitu-

400 2661 599 2722 dinem
649 2659 1066 2741 adipiscantur,
1102 2660 1201 2738 L'fit
1244 2674 1309 2717 ut
1361 2677 1530 2724 novae
1582 2657 1747 2718 seriei
1788 2657 1971 2718 subse-

402 2759 641 2819 quentes
678 2742 930 2817 cellulae‚
973 2737 1258 2818 comparis
1284 2737 1452 2800 seriei
1486 2738 1701 2802 cellulis
1732 2735 1981 2798 alternae·

400 2825 711 2883 accubent:
739 2823 891 2884 unde
927 2823 989 2884 in
1024 2819 1285 2882 Escharis
1325 2819 1450 2880 fere
1478 2819 1741 2880 omnibus
1782 2818 1971 2878 oscula

399 2903 728 2964 cellularum
783 2905 850 2975 in
897 2905 1244 2984 quincunces
1318 2901 1583 2982 disposita
1633 2901 1969 2961 naturaliter

397 2980 546 3040 sunt.
652 2985 712 3042 Si
752 2985 972 3062 Hydrae
1021 2986 1210 3066 proles
1258 2999 1421 3043 certo
1461 2984 1664 3053 ordine
1705 2980 1969 3058 pullulas-

394 3077 597 3125 cerent
612 3105 629 3133 ,
658 3083 764 3122 nec
783 3084 1018 3126 maturae
1037 3065 1413 3142 deciderent,
1437 3060 1749 3143 perfe&am
1762 3058 1969 3118 Escha-

389 3161 467 3201 rae
484 3142 820 3205 haberemus
833 3146 1144 3226 imaginem
1159 3191 1178 3221 ,
1194 3145 1291 3207 sed
1314 3145 1484 3208 nudae
1498 3141 1564 3206 ,ἅ
1581 3140 1804 3202 cortice
1830 3161 1965 3222 qua*-

386 3221 434 3284 fi
456 3222 757 3288 destitutae.
780 3299 784 3302 ῃ
1824 3222 1962 3279 Cru-
