2167 3612
620 203 1245 292 TAENIA.
1611 222 1729 284 407

115 340 315 402 dinem
349 339 803 402 internodiorum
844 338 1118 399 facillime
1156 354 1451 418 rumpatur
1478 353 1718 417 tumque

117 441 192 483 ex
240 415 601 482 relicto-'filo-
631 412 924 478 resta‘urari
972 418 1163 486 soleat.
1256 422 1708 500 Longitudinem

109 502 174 563 in
200 504 436 562 homine
462 503 732 582 vigenum
759 517 856 559 aut
884 500 1172 580 trigenum
1201 504 1410 576 pedum
1440 502 1704 580 adipisci·

104 584 232 643 tur.
305 585 368 643 In
398 583 630 642 canibus
656 581 944 659 nunquam
976 599 1005 639 2
1033 627 1050 654 ,
1095 580 1352 640 tribusve
1395 584 1539 640 ulnis
1580 585 1702 641 lon-

103 662 299 744 giores
364 663 561 724 inveni
585 683 609 736 3.
686 664 990 740 aliquando
1047 662 1326 741 majorem
1387 680 1560 720 unam
1639 662 1701 722 ἃ

100 746 424 823 complures
448 741 605 803 simul
631 741 902 804 minores.
990 745 1196 821 Aliqua
1226 739 1475 819 digitalis
1505 743 1693 801 latitu-

93 825 243 898 dinis
278 823 599 900 fragmenta
619 827 696 884 ab
725 823 1054 895 hominibus
1089 822 1319 900 expulsa
1360 823 1511 892 vidi,
1554 843 1694 902 quo·

85 922 219 972 ,rum
272 902 577 985 substantia
633 906 808 966 etiam
850 925 956 985 pro
1004 906 1275 982 portione
1319 903 1493 963 crass'a
1550 920 1692 963 erat.

87 984 427 1063 Plerumque
478 1002 671 1047 tamen
711 989 894 1046 multo
944 985 1299 1065 angustiores
1340 983 1453 1045 effe
1510 984 1692 1045 solent

84 1065 312 1127 Taeniae
343 1068 735 1128 cucurbitinae.
765 1075 768 1077 ’
1538 1119 1540 1122 ,

165 1149 408 1207 Linnaeus
454 1149 510 1208 in
542 1168 716 1209 ocnra
744 1147 923 1209 fontis
947 1145 1246 1226 Jaernenfis
1271 1145 1295 1223 (
1317 1143 1477 1204 Faun.
1490 1144 1576 1222 su.
1608 1144 1686 1205 ed.

81 1229 135 1291 I.
186 1239 355 1288 1266.
404 1237 601 1291 Amoen.
646 1227 858 1292 ac.'lI.
899 1248 954 1307 p.
999 1227 1142 1308 93.)
1187 1227 1248 1288 ἃ
1285 1230 1459 1288 Unzer
1488 1231 1544 1287 in
1586 1248 1691 1306 pu-

78 1308 232 1368 blico
269 1316 515 1385 quodam
545 1326 723 1388 puteo
754 1311 780 1386 <
797 1311 1416 1388 Promptuar.Hamhurg.
1440 1308 1600 1368 VIII.
1629 1326 1686 1384 p.

80 1408 136 1470 3.
179 1408 232 1448 n.
277 1392 331 1447 6.
375 1388 544 1448 Klein.
593 1393 851 1471 det-perol.
898 1393 964 1449 ad
1011 1389 1184 1468 calc.)
1254 1390 1405 1450 hanc
1460 1389 1683 1449 Taeniae

76 1468 331 1547 speciem
374 1489 407 1531 a
438 1471 496 1531 se
525 1489 813 1551 repertam
843 1470 1007 1533 fuiffe
1033 1471 1381 1533 afferuerunt
1400 1520 1414 1542 ‚
1457 1486 1515 1531 at
1540 1490 1686 1529 non-

76 1549 216 1612 dum
246 1549 432 1613 minus
471 1553 721 1614 credulis
742 1554 1152 1633 persuaserunt.
1237 1553 1480 1612 Linnaeus
1521 1551 1709 1616 dein-'

74 1629 152 1691 de
177 1633 419 1694 notabili
446 1631 827 1696 inconstantia
857 1636 1177 1714 aquaticam
1205 1634 1235 1692 s
1231 1652 1360 1693 uam
1375 1631 1639 1693 Taeniam
1660 1677 1679 1705 ‚

69 1730 184 1773 una
222 1731 354 1774 cum
387 1714 590 1789 simili,
615 1737 648 1778 a
675 1717 869 1778 Gaddir>
889 1716 1139 1796 quodam
1167 1718 1353 1775 Sueco
1380 1716 1439 1775 in
1469 1712 1680 1794 palude

68 1791 286 1872 Ptjspala
322 1795 602 1873 inventa,
642 1799 712 1859 ad
752 1799 831 1859 T.
875 1800 1138 1876 vulgarem
1169 1795 1452 1876 relegavit
1495 1793 1676 1874 (Syst.

70 1888 185 1935 nat.
232 1875 307 1936 ed.
346 1876 418 1937 X.
455 1896 509 1957 p.
558 1899 690 1940 120.
720 1881 803 1958 sp.
838 1899 891 1940 2.
923 1878 1084 1939 Faun.
1113 1877 1200 1957 su.
1229 1880 1300 1937 ed.
1343 1878 1421 1936 II.
1458 1875 1676 1950 2262.)

69 1954 224 2015 unde
253 1955 344 2033 A&
397 1960 553 2038 quod
597 1962 793 2023 nullibi
843 1961 1162 2020 accuratius
1201 1956 1264 2016 &
1307 1956 1487 2016 solide
1544 1973 1673 2014 eam

67 2034 436 2116 descripserit
482 2040 759 2099 minuitur
806 2037 1229 2098 observationis
1288 2035 1457 2114 hujus
1508 2054 1672 2112 para-

65 2114 235 2181 doxae
270 2118 434 2179 fides.
498 2117 618 2198 Ego
655 2123 819 2180 extra
846 2117 1093 2176 animale
1128 2121 1338 2192 corpus
1366 2115 1424 2171 T
1429 2116 1668 2185 zeniam,

59 2195 162 2260 nist
191 2197 323 2257 casu
347 2245 364 2268 ,
405 2197 646 2275 reperiri
670 2198 820 2256 haud
853 2194 1049 2256 credo,
1120 2194 1462 2276 Quanquam
1491 2194 1670 2253 etiam

60 2275 143 2334 T.
185 2272 422 2337 caninam
451 2279 510 2336 in
550 2277 709 2356 aquis
746 2275 951 2336 vivere
989 2295 1060 2335 ex
1086 2275 1257 2336 icone
1289 2275 1533 2353 quadam
1577 2273 1671 2338 sue

61 2355 311 2433 spicatus
351 2356 419 2422 fit
465 2376 568 2420 van
609 2359 868 2418 Doeveren
898 2355 1075 2435 (Diffi
1115 2355 1173 2416 de
1202 2356 1374 2413 Verm.
1414 2372 1468 2433 p.
1495 2350 1671 2432 ,35.)‘

59 2435 125 2501 ἃ
156 2435 372 2514 Tiffinus
404 2458 632 2518 quoque
655 2458 838 2517 nuper
858 2438 1093 2500 Taenias
1120 2437 1281 2518 aquis
1305 2436 1480 2498 ineffe
1511 2434 1657 2496 affir-

55 2518 303 2579 maverit
344 2517 444 2602 (de
479 2523 636 2582 morb.
678 2518 892 2599 nigro.)

587 2769 1042 2875 ”meane

753 2879 962 3023 ‹132-

811 3270 903 3330 Cc
945 3219 1023 3342 4¹
1365 3286 1417 3327 2.
1475 3266 1657 3367 T‘AE-
