2167 3612
386 249 500 322 ηε
783 235 1520 301 ZOOPHYTA

397 375 631 447 Fungitae
677 391 817 432 vere
871 390 999 450 pars
1056 370 1311 433 animalis
1364 373 1619 443 marini,
1695 372 1985 436 strufturae

396 454 690 534 singularis
719 499 734 526 ,
800 456 959 531 cujus
1012 453 1396 528 descriptione
1454 453 1731 514 exactiori
1761 502 1777 526 ,
1818 476 1988 533 qua-m

399 556 527 613 quae
562 558 592 597 a
641 536 892 612 Rumpln'o
940 533 1072 592 data
1113 531 1223 594 fuit
1252 580 1268 607 ‚
1322 536 1644 596 adhucdum
1711 554 1989 594 caremus·

404 619 585 679 Valet
630 617 743 676 hoc
785 615 857 671 de
897 615 988 671 M.
1042 620 1372 687 verrucaria,
1421 617 1665 692 fungire,
1727 618 1993 687 echinata,

408 702 578 758 lacera
633 712 800 771 atque
844 692 1175 772 trochg'formi.
1271 698 1493 757 Harum
1542 697 1860 775 specierum
1913 695 1997 753 in·

409 780 635 840 terdum
705 776 864 851 plura
926 795 1040 834 uno
1109 776 1438 850 individua,
1495 777 1803 837 confertim
1866 789 2001 834 nata

411 860 659 934 ideoque
686 855 1140 916 subconfluentia
1158 903 1170 924 ,
1191 857 1546 932 sequentium
1568 857 1898 919 struEturam
1929 875 2003 915 ae·

410 939 715 998 mulantur.
805 937 1100 996 Interdum
1137 934 1197 994 &
1226 937 1511 996 luxurians
1538 937 1826 1013 specimen
1860 955 2006 995 mar·

408 1019 552 1099 ,gine
578 1017 856 1096 crispatur
878 1065 891 1087 ‚
936 1015 997 1076 &
1028 1014 1359 1075 laciniosum
1390 1017 1606 1076 evadit.

155 1151 201 1182 2,
233 1134 308 1182 Μ,
494 1102 722 1160 Dantur
761 1099 1133 1176 Madreporae
1169 1098 1226 1156 in
1265 1096 1464 1156 massas
1497 1095 1876 1157 multiformes
1911 1117 2008 1157 ex<-

151 1207 341 1245 concare-
411 1180 735 1241 crescentes
763 1224 779 1251 ,
837 1197 961 1257 quae
1027 1196 1102 1236 ex
1152 1178 1473 1255 primordio
1523 1197 1829 1258 paucarum
1886 1178 2013 1238 stel-

150 1270 281 1309 ΜΝ·
412 1263 652 1324 lularum
690 1258 891 1319 sensim
929 1259 1433 1337 multiplicatarum
1483 1260 1701 1318 ambitu
1739 1259 1854 1318 sese
1901 1257 2013 1318 dif-

419 1341 674 1405 fundunt
708 1339 772 1399 ὃ(
811 1340 869 1398 in
912 1339 1106 1398 medio
1151 1340 1211 1398 in
1261 1333 1562 1398 craffitiem
1614 1358 1840 1415 quoque
1891 1359 2012 1398 cre·

417 1425 603 1485 scunt.
688 1422 803 1479 Hae
845 1418 1145 1498 superficie
1189 1418 1468 1479 exhibent
1517 1417 1700 1477 stellas
1739 1420 2010 1498 irregula-

418 1523 510 1566 res
552 1501 614 1561 &
645 1515 1040 1571 concatenatas,
1079 1500 1418 1578 marginales
1458 1501 1645 1558 adhuc
1685 1498 1880 1576 paffim
1915 1500 2018 1557 irn-

418 1582 727 1664 perfeEtaS.
831 1583 898 1640 In
946 1580 1032 1640 his
1077 1580 1182 1639 vix
1222 1579 1410 1655 potest
1449 1580 1740 1647 dubitari,
1804 1578 2017 1636 anima-

421 1668 540 1727 lem
578 1663 943 1723 substantiam
985 1661 1319 1720 continuam
1358 1660 1422 1720 ἃ.
1457 1660 1688 1720 'centris
1735 1657 2020 1718 stellarum

414 1745 699 1809 ‘insertam
743 1742 1102 1822 superficiem
1141 1740 1471 1815 obvestire3
1527 1742 1748 1819 prolem
1809 1759 2017 1818 nempe

425 1826 690 1905 margine
738 1823 994 1887 maxime
1040 1823 1414 1883 accedentem
1463 1843 1496 1881 a
1546 1822 1821 1881 matribus
1879 1839 2020 1879 nun·

432 1926 603 1985 quam
645 1905 933 1966 secedere.
1029 1905 1172 1964 Sunt
1223 1906 1310 1964 hae
1356 1905 1728 1980 Madreporae
1786 1901 2020 1960 unicum

431 1989 497 2046 ὅτ,
533 2004 674 2044 vere
708 1986 1046 2045 continuum
1072 2029 1086 2051 ‚
1141 1999 1200 2041 at
1241 2004 1316 2042 ex
1354 1980 1606 2062 pluribus
1646 1983 2026 2061 compositum

428 2067 677 2138 animal3-
731 2065 886 2144 quod
929 2062 1215 2140 imprimis
1246 2063 1305 2120 in
1350 2066 1442 2121 M.
1485 2066 1623 2120 Pileo
1671 2062 1733 2121 δε
1774 2063 2028 2139 Elephan-

431 2163 537 2206 toto
564 2161 819 2223 apparet.
926 2145 1017 2200 M.
1055 2146 1334 2218 agaricizes
1368 2141 1536 2220 hujus
1575 2141 1790 2201 itidem'
1813 2159 2029 2200 naturae

436 2225 552 2295 est,
578 2241 637 2283 at
677 2242 810 2284 curn
841 2222 962 2300 ejus
988 2220 1159 2280 stellae
1199 2239 1317 2279 non
1359 2237 1581 2280 tantum
1630 2222 1888 2298 margine
1939 2226 2030 2279 ac‘-

435 2306 648 2368 cedant
674 2351 692 2380 ,
748 2303 843 2364 sed
885 2303 942 2362 in
987 2302 1144 2362 disco
1182 2320 1410 2380 quoque
1445 2302 1929 2380 multiplicentur,
1969 2303 2030 2359 in

436 2388 619 2466 plicas
684 2383 834 2464 quasi
898 2381 1128 2462 affurgit
1177 2402 1244 2442 ea
1275 2428 1290 2455 ,
1370 2382 1455 2441 uti
1526 2383 1765 2459 Escharae
1841 2381 2031 2440 multi-

438 2466 669 2546 plicatis
710 2467 770 2526 in
820 2464 978 2524 disco
1027 2464 1242 2524 cellulis
1306 2463 1367 2523 in
1421 2462 1674 2523 frondeS.
1777 2463 2034 2522 Pertinet

439 2548 514 2607 ad
542 2549 688 2606 hanc
712 2563 939 2624 quoque
966 2543 1195 2604 classem
1220 2545 1311 2603 M.
1341 2545 1621 2623 mustacea.

174 2669 225 2719 β,
254 2659 329 2709 Μ,
524 2629 618 2687 Ad
661 2641 1070 2687 concatenatas
1120 2625 1385 2704 proxime
1430 2623 1779 2687 collocandae
1834 2639 2032 2693 erunt,

175 2728 420 2786 conglome-
444 2729 582 2789 quas
621 2708 751 2787 jure
787 2709 1188 2784 conglomeratus
1229 2706 1474 2768 dixeris:
1513 2708 1604 2766 M.
1653 2707 1993 2785 labyrinthica
2017 2753 2033 2781 ‚

178 2798 303 2839 ΜΨ·
447 2793 770 2850 maeandrites
797 2835 814 2861 ,
855 2791 1113 2859 areolam,
1158 2789 1389 2846 Laezuca
1427 2787 1490 2847 δε
1532 2792 1702 2866 exesa.
1804 2788 2033 2847 Horum

443 2870 825 2951 primordium
862 2869 1096 2948 simplex
1134 2866 1348 2946 pariter
1390 2868 1545 2928 stella
1582 2868 1696 2941 est,
1749 2887 1876 2947 quae
1913 2885 2030 2925 cre·-

441 2952 605 3011 seens
653 2952 913 3031 margine
950 2952 1007 3010 in
1046 2949 1278 3009 lacinias
1321 2949 1646 3009 numerosas
1682 2943 2027 3032 sinuatur&

440 3031 753 3105 crispatur,
811 3031 1182 3111 prolesimul
1243 3029 1576 3090 discedente
1638 3028 1701 3090 δι
1759 3042 2028 3088 maternis

441 3110 665 3171 laciniis
730 3111 786 3170 in
843 3111 1127 3172 anfrafitos
1179 3109 1393 3170 diffusis
1442 3111 1558 3170 sese
1613 3107 2028 3173 interserente3

440 3191 592 3253 unde
637 3191 869 3251 tande-m
908 3191 1187 3254 formatur
1223 3189 1399 3254 maffa
1423 3186 1815 3253 maeandritica
1837 3227 1860 3262 ‚
1902 3203 2028 3326 qsae

1973 3284 2034 3324 u-
