2167 3612
141 1357 312 1412 Mores.

394 228 472 289 26
686 290 689 291 ⁷
815 201 1561 275 ZOOPHYTA.'

398 352 588 435 quod,
643 349 821 409 etiam
865 360 1087 406 armato
1143 349 1312 408 oculo
1341 397 1357 419 ‚
1422 350 1498 408 nil
1548 350 1649 411 nifi
1696 349 1973 432 homogeo

399 450 605 505 neum,
670 429 1030 509 globulosum
1060 474 1077 501 ,
1138 429 1657 510 senfilissimumque
1707 431 1770 492 ὃς
1824 437 1972 512 ipsos

398 517 541 579 lucis
568 513 759 573 radios
790 512 1116 591 percipiens
1144 516 1532 592 parenchyma
1573 512 1708 573 [istit
1735 536 1752 585 3
1794 515 1973 593 figura

398 616 595 660 autem
620 596 780 655 filum
805 591 1182 653 medullosum
1207 594 1621 655 craffiusculum
1641 595 1818 655 refert
1834 642 1849 667 ‚
1876 615 1972 655 va-

396 683 487 740 rio
526 678 705 758 gradu
741 672 1111 748 contractile,
1166 678 1343 736 altera
1381 679 1751 737 extremitate
1790 674 1972 735 sucto-

396 763 482 823 ria
528 759 796 829 affixum,
855 758 1031 817 altera
1084 758 1379 830 obtusum,
1450 759 1767 836 cirrhisque
1814 758 1975 817 omni

397 842 606 922 capillo
645 839 1060 911 tenerioribus,
1114 840 1422 918 granulofis
1462 837 1524 898 &
1550 839 1609 897 in
1637 839 1974 917 exquisitam

396 924 750 985 brevitatem
790 919 1254 995 contraffilibus‘,
1323 922 1394 981 ad
1441 922 1723 981 summum
1763 920 1927 979 denis
1949 939 1974 991 ’,

396 1006 699 1067 stellatum.
785 1001 972 1062 Cirrhi
1010 1021 1324 1081 eorumque
1355 1002 1515 1073 usuS,
1560 1003 1822 1080 groffiori
1848 1001 1976 1078 Hy-

397 1087 516 1146 drae
555 1105 688 1145 cum
723 1085 894 1162 Sepia
938 1082 1278 1162 octopodia‚
1341 1084 1731 1160 antiquiorum
1757 1084 1974 1158 Polypc),

397 1167 822 1245 comparationi
871 1162 934 1226 δε
981 1166 1210 1225 nomini
1256 1165 1643 1224 Reaumuriano
1691 1163 1976 1240 imprimis

394 1248 590 1309 ansam
616 1247 922 1304 dederunt.

476 1329 616 1390 Hoc
644 1345 797 1385 nunc
837 1327 1244 1385 animalculum
1281 1327 1482 1384 Erucae
1523 1337 1622 1381 aut
1673 1321 1979 1382 Hirudinis

396 1425 717 1491 geometrae
751 1407 824 1466 ad
851 1405 1022 1466 instar
1061 1407 1353 1486 graditur;
1408 1408 1744 1485 plerumque
1783 1420 1980 1463 tamen

399 1489 582 1553 cauda
629 1485 908 1559 affixum,
963 1488 1376 1565 extensumque
1426 1486 1711 1564 quiescit,
1769 1505 1980 1563 corpus

402 1572 467 1632 &
512 1567 733 1628 cirrhos
790 1585 897 1643 pro
941 1568 1124 1626 lubitu
1172 1571 1336 1628 vario
1387 1568 1565 1627 modo
1622 1586 1867 1625 movens
1919 1563 1983 1624 &

401 1649 772 1716 contrahens.
856 1645 1078 1705 Inserta
1102 1650 1343 1707 minima
1369 1650 1662 1726 aquatica,
1705 1647 1984 1706 fluitanti-

402 1740 511 1798 bus
563 1729 766 1791 cirrhis
812 1726 1197 1806 appellentia‚
1257 1729 1609 1800 abiisdem,
1662 1730 1985 1807 glutinante

404 1813 686 1898 quadam,
728 1827 827 1871 aut
867 1807 1062 1886 potius
1093 1805 1338 1866 suctoria
1379 1811 1745 1884 globulorum
1783 1810 1985 1886 quibus

316 1910 318 1913 ’
405 1895 576 1959 obfiti
610 1894 739 1954 sunt
763 1891 1015 1961 virtute,
1058 1889 1418 1958 retinentur,
1475 1887 1539 1946 &
1580 1893 1650 1946 ab
1681 1891 1988 1949 animalcu-

160 2642 326 2693 Proles.

402 1982 504 2052 10,
560 1972 988 2054 exquisitiffimo
1027 1968 1190 2029 sensu
1228 1969 1517 2046 pollente,
1581 1969 1836 2046 pluribus
1885 1992 1990 2047 pro

405 2082 471 2122 re
515 2075 650 2120 nata
690 2054 894 2116 cirrhis
924 2052 1336 2123 involvuntur,
1379 2049 1776 2122 attrahuntur,
1819 2053 1986 2111 obtu-

405 2143 481 2205 sae
533 2158 708 2218 atque
749 2155 923 2196 coecae
961 2133 1322 2193 extremitati
1360 2131 1618 2211 corporis
1670 2132 1989 2191 admoven-

404 2242 499 2286 tur
541 2242 610 2284 ac
670 2223 730 2280 in
786 2217 968 2276 finum
996 2262 1013 2285 ‚
1072 2214 1296 2274 dilatati
1347 2215 1408 2274 in
1471 2214 1682 2290 calycis
1741 2212 1991 2272 formam

406 2299 909 2388 parenchymatiS,
957 2297 1366 2368 absorbentur3
1434 2315 1547 2371 quo
1598 2294 1694 2354 ubi
1744 2295 1993 2372 aliquan-

408 2390 510 2450 diu
539 2382 752 2448 inclusa
788 2382 1079 2440 latuerunt
1116 2394 1288 2455 atque
1325 2376 1714 2437 maceratione
1749 2375 1989 2436 exsucca

409 2469 638 2531 reddita
662 2463 792 2522 sunt
808 2506 824 2532 ,
855 2461 1058 2520 eadem
1081 2459 1178 2519 via
1204 2458 1559 2536 rejiciuntur.
1616 2458 1768 2517 Haec
1793 2457 1990 2519 omnia

411 2552 683 2631 Hydram
720 2562 862 2604 vere
902 2542 974 2601 ad
1015 2540 1280 2601 animalia
1313 2539 1608 2619 pertinere
1644 2536 1945 2596 affirmant.

492 2631 710 2692 Adulta
746 2627 872 2685 haec
907 2623 1276 2694 animalcula,
1331 2639 1435 2698 per
1475 2635 1662 2677 totam
1701 2617 1989 2690 aestatem,

413 2717 510 2774 vel
552 2714 793 2789 ubique,
850 2705 945 2763 vel
973 2704 1147 2763 certis
1181 2717 1408 2760 tantum
1450 2699 1709 2776 corporis
1737 2700 1914 2769 loci3‚
1959 2717 1992 2759 e

413 2792 865 2874 parenchymate
919 2785 1196 2844 nodulum
1233 2781 1331 2841 seu
1379 2799 1670 2859 gemmam
1719 2780 1990 2852 trudunt,

415 2893 541 2953 quae
593 2871 970 2950 grandescens
998 2910 1022 2941 ‚
1077 2865 1137 2925 in
1187 2864 1388 2924 matris
1441 2864 1705 2921 aemulam
1746 2860 1990 2937 figuram

415 2953 617 3016 sensim
679 2951 967 3030 effingitur
995 2995 1012 3023 ,
1068 2945 1317 3007 brachiis
1355 2945 1509 3004 circa
1559 2944 1991 3002 extremitatem

416 3032 1024 3115 propullulascentibus
1063 3027 1397 3107 perficitur,
1436 3023 1782 3098 tandemque
1809 3040 1840 3078 a
1872 3041 1992 3081 ma-

418 3134 510 3177 tre
537 3112 782 3184 secedit,
823 3112 1254 3185 absolutumque
1283 3107 1514 3178 evadit,
1556 3103 1619 3162 δε
1643 3101 1807 3162 simili
1829 3102 1989 3162 dein·

419 3200 493 3256 de
527 3194 754 3255 ratione
791 3186 1012 3269 prolem
1060 3185 1475 3266 producturum
1515 3184 1741 3242 animal.
1841 3184 1991 3243 Haec

417 3276 736 3357 gemmario
774 3271 1194 3348 vegetabilibus
1224 3267 1526 3340 solemnis,
1569 3265 1836 3344 Hydram
1873 3264 1991 3379 ani-
