2167 3612
436 160 1335 226 SERT-ULARIA.
1589 187 1701 235 111

117 313 192 368 na
228 299 342 360 effe
372 343 389 372 ‚
430 299 596 378 priva
628 299 688 357 in
724 296 975 373 qualibet
1014 297 1203 376 specie
1235 312 1406 375 atque
1443 300 1706 363 constans

116 379 422 448 mustum,
466 376 818 439 continuitas
848 391 1100 438 externae
1125 396 1320 438 earum
1359 381 1706 442 membranae

114 482 250 524 cum
277 480 492 522 corneo
532 460 731 518 tubulo
754 503 773 530 ‚
816 456 880 517 &
918 476 1323 519 contentorum
1362 478 1494 519 cum
1534 461 1710 521 inter·

114 563 189 604 na
238 542 560 603 Sertulariae
611 539 900 610 medulla,
967 557 1128 601 extra
1178 541 1411 601 dubium
1463 558 1710 618 ponunt.

104 627 180 684 -In
204 623 480 701 aliquibus
498 621 819 679 Sertulariis
844 619 935 678 hae
951 621 1210 681 veficulae
1223 623 1503 699 polypum
1531 623 1712 700 majo·

108 723 235 765 rem
256 750 273 773 ,
298 702 707 761 molecularum
736 702 993 779 glomere
1021 716 1413 781 praegnantem
1450 704 1713 763 contine-

115 804 181 844 re
206 783 342 844 visae
364 781 492 842 sunt
509 829 526 853 ‚
567 800 778 860 easque
811 784 1119 843 moleculas
1146 799 1394 847 maturas
1419 784 1620 862 polypi
1648 803 1713 842 u-

111 881 241 924 tero
262 862 549 941 expelli&
565 864 836 922 deciduas
852 862 1363 923 fieriobservatum.
1415 866 1587 924 Unde
1613 863 1713 924 has

116 965 224 1026 pro
250 945 439 1004 ovulis
457 989 472 1016 ‚
500 943 888 1022 veficulasque
917 964 1022 1023 pro
1050 943 1495 1004 fruetificatione
1520 944 1560 1003 s.
1594 965 1715 1004 ova·

106 1027 213 1089 tiis
226 1025 665 1088 Sertulariarum
679 1025 968 1091 habendas
985 1024 1098 1086 effe
1123 1026 1254 1085 satis
1282 1025 1502 1084 constat
1518 1044 1535 1094 3
1559 1025 1714 1102 quod

105 1107 176 1169 ἃ
203 1107 347 1167 mira
373 1106 723 1184 propagatio,
744 1107 1021 1166 Brachioni
1046 1106 1362 1183 Anastaticae
1385 1105 1712 1164 confirmat.

104 1201 109 1230 1
192 1190 331 1257 Ovar
346 1188 396 1244 ia
421 1186 544 1246 haec
587 1185 666 1264 (s.
704 1188 1024 1265 pericarpia
1048 1186 1240 1265 quali)
1284 1206 1386 1245 ore
1415 1186 1591 1262 vulgo
1616 1205 1715 1244 an-

116 1265 353 1344 gustiori
380 1264 572 1334 hiant,
615 1266 675 1323 in
713 1269 912 1341 paucis
954 1268 1246 1343 speciebus
1275 1267 1477 1341 >'amplo
1514 1280 1717 1342 patent

115 1345 392 1414 orifici03
444 1345 775 1421 operculata
825 1343 950 1402 fere
987 1347 1047 1404 in
1095 1345 1360 1403 omnibus
1398 1344 1542 1402 sunt.
1639 1346 1716 1405 Et

103 1443 432 1504 quanquam
464 1424 532 1484 in
570 1423 910 1502 quibusdam
949 1425 1208 1485 nondum
1249 1424 1550 1484 observata
1590 1424 1713 1486 fue-

110 1507 263 1579 rint,
319 1505 583 1566 omnibus
624 1522 819 1565 tamen
867 1521 1029 1565 certo
1073 1505 1230 1564 forte
1266 1505 1400 1565 anni
1446 1523 1714 1584 tempore

106 1585 439 1648 excrescere
495 1605 640 1646 vero
677 1585 961 1666 persimile
1009 1584 1107 1644 est.
1194 1586 1259 1643 In
1303 1586 1577 1659 minutis,
1618 1587 1711 1665 ju·

102 1668 483 1746 :nioribusque
530 1667 682 1744 saepe
728 1666 992 1744 stirpibus
1043 1667 1276 1743 copiosa
1312 1665 1707 1726 observantur.

109 1751 370 1824 Cumque
417 1747 792 1807 adultioribus
842 1747 992 1825 saepe
1059 1745 1249 1806 deeffe
1312 1747 1707 1826 reperiantur3

109 1828 386 1889 credibile
426 1826 537 1897 est,
605 1847 702 1898 ea,
747 1825 936 1887 effufis
974 1827 1161 1888 ovulis
1190 1873 1208 1901 ‚
1263 1827 1508 1889 decidua
1548 1828 1708 1903 fieri,

109 1908 173 1970 <Sc
198 1927 353 1967 nova
376 1909 511 1966 alibi
534 1907 769 1966 renasci.

130 2016 136 2023 r
172 1986 515 2066 ,Situ'aeque
552 2007 620 2046 ac
652 1988 835 2066 figura
877 1987 1173 2049 differunt.
1258 1992 1326 2050 In
1367 1990 1708 2070 quibusdam

100 2068 401 2148 speciebus
431 2087 533 2146 per
563 2087 751 2129 ramos
789 2069 1317 2144 indiscriminatim,
1365 2073 1515 2133 inter
1553 2073 1707 2151 caly-

104 2152 366 2210 culorum
402 2149 692 2228 duplicem
731 2150 972 2223 seriem,
1031 2152 1102 2209 ab
1140 2153 1322 2211 altero
1360 2155 1539 2212 latere
1582 2171 1706 2212 cre-

99 2233 226 2293 brae
262 2230 620 2290 enascuntur.
703 2231 772 2289 In
815 2230 938 2290 aliis
962 2232 1139 2302 certis
1176 2246 1401 2292 tantum
1427 2231 1604 2304 locis,
1650 2252 1703 2291 e.

107 2329 195 2388 gt.
223 2318 268 2368 je
301 2308 662 2371 dichotomia
700 2329 990 2371 ramorum
1018 2355 1034 2383 ,
1106 2331 1179 2372 ex
1228 2314 1331 2372 alis
1382 2332 1708 2384 ramorum,

107 2388 415 2469 prodeunt.
499 2392 566 2449 In
593 2392 717 2452 aliis
756 2390 1024 2466 tandem,
1067 2393 1511 2454 caulescentium
1545 2415 1578 2453 e
1606 2413 1708 2462 nu-

103 2489 273 2544 mero
290 2516 313 2553 ,ι
347 2467 537 2549 stirpis
568 2472 769 2534 rhachi
804 2473 844 2534 s.
884 2489 1091 2534 trunco
1134 2490 1360 2535 tantum
1387 2474 1653 2535 infident.

140 2567 145 2574 ·
187 2550 622 2612 Sertulariarum
688 2553 967 2615 summam
1019 2575 1153 2615 cum
1202 2557 1412 2634 plantis
1468 2554 1707 2615 affinita-
1729 2583 1899 2638 smul-

104 2646 226 2690 tem
247 2676 265 2702 ‚
305 2640 528 2708 'praeter
562 2633 857 2710 habitum,
915 2635 1570 2714 fruetificationemque,
1625 2636 1702 2698 se·
1728 2662 1914 2713 vegeta·

8 2790 13 2793 ξ
108 2725 352 2790 quentes
377 2731 554 2788 porro
577 2714 856 2777 illustrant
888 2718 1322 2790 observationes
1352 2738 1367 2778 ε
1728 2715 1808 2761 52'0·

193 2812 245 2851 1.
290 2792 658 2854 Sertulariam
710 2799 876 2873 apice
924 2798 984 2859 in
1048 2801 1306 2858 tubulum
1358 2796 1707 2877 fimplicem‚

106 2871 355 2933 medulla
389 2875 673 2951 repletum
703 2878 961 2955 elongari
983 2923 1000 2950 ‚
1066 2897 1138 2938 ex
1174 2898 1360 2956 eoque
1390 2882 1706 2956 gemmulas

108 2950 486 3033 protrudere,
528 2973 655 3033 quae
690 2957 750 3018 in
788 2957 992 3018 solitos
1025 2959 1342 3035 calyculos‚
1384 2960 1706 3040 polypifor·

106 3052 231 3094 mes
268 3032 534 3094 flosculos
574 3038 942 3099 continentes
984 3037 1380 3114 efflorescunt,
1429 3039 1705 3122 Loeflingii

105 3110 171 3177 δι
194 3110 401 3193 Bostari
434 3134 656 3196 nupera
681 3118 982 3183 observata
1006 3119 1346 3183 docuerunt.
1431 3200 1435 3202 Y
1633 3200 1663 3260 I

1532 3221 1591 3261 2.
1658 3219 1702 3263 n
