2167 3612
501 152 618 208 ³222
916 121 1659 196 Z'OOP'HY'TAs

502 272 723 336 cortice
740 315 754 342 ‚
775 286 888 348 quo
913 267 1108 348 viget,
1125 269 1275 352 vivit
1295 265 1357 330 ὅ(
1383 270 1628 329 nutritur
1653 267 1817 349 stirps
1834 314 1850 342 ,
1880 261 2090 354 quique

502 372 716 437 organa
742 350 1022 409 continet.
1107 348 1649 426 Organicacorticis
1689 350 1990 428 structura,
2025 355 2089 418 in

500 439 549 496 1.
577 436 727 496 nobili
755 430 1069 489 accuratius
1099 430 1428 503 observata,
1471 431 1529 491 in
1552 429 1809 509 ejusdem
1839 434 2089 514 descrip-

501 519 664 578 tione
713 512 903 573 statim
942 510 1214 572 tradetur.
1320 513 1440 576 Hic
1478 512 1720 574 eandem
1769 512 1829 573 in
1874 534 2089 592 genere

499 599 764 658 referam.
1108 667 1112 672 ,
1816 624 1826 637 ³

588 679 769 736 Cortex
830 673 889 732 in
940 673 1203 734 omnibus
1268 668 1561 755 speciebus
1611 671 1813 736 corallio
1859 677 2090 739 mollior
2131 691 2167 730 Ν

500 759 610 829 est,
672 755 733 815 &-
771 752 1005 814 ficcatus
1045 755 1111 813 fit
1147 755 1416 829 friabilis,
1447 758 1569 834 -qui
1620 777 1820 817 recens
1860 760 1931 816 ad
1972 779 2093 818 car·

497 858 667 899 neam
715 836 809 895 vel
853 834 1282 914 cartilagineam
1332 838 1661 897 accedentis
1713 838 2091 899 confistentiae

498 921 718 979 fuerat:
772 915 1083 976 Vasculosa
1120 913 1242 994 ejus
1275 914 1356 976 est
1404 914 1465 975 &
1502 917 1707 994 porosa
1756 917 2092 992 substantia3

503 1000 566 1061 ἃ
613 998 804 1058 cellulae
840 1012 1116 1073 praeterea
1165 997 1225 1056 in
1271 1016 1341 1057 eo
1382 998 1698 1075 peculiares
1748 997 1906 1072 sunt,
1966 1010 2093 1077 quae

501 1096 667 1138 extus
693 1078 897 1156 papillis
931 1076 1119 1136 oscula
1143 1124 1159 1149 ‚
1217 1079 1414 1157 calyce
1452 1078 1786 1156 plerumque
1824 1080 2096 1139 laciniato

497 1175 808 1237 coronata,
859 1158 1249 1236 aperientibus
1300 1158 1668 1237 respondent.
1763 1159 1852 1218 Ex
1879 1159 2097 1238 singulo
2166 1198 2167 1203 κ

499 1241 695 1301 osculo
718 1238 998 1301 exseritur
1037 1239 1315 1316 (recente
1350 1239 1412 1300 ἃ
1441 1239 1575 1299 viva
1611 1237 1795 1316 Iside)
1830 1239 2096 1300 flosculus
2166 1255 2167 1258 ’

501 1321 761 1382 animalis
815 1320 859 1380 s.
916 1321 1120 1397 polypus
1147 1365 1164 1388 ,
1229 1319 1626 1395 radiatumque
1675 1321 2098 1380 tentaculorum

502 1415 844 1481 apparatum
868 1401 1069 1478 pandit
1094 1420 1113 1471 3
1153 1400 1306 1461 idem
1325 1445 1342 1473 ,
1367 1399 1492 1460 vim
1516 1398 1764 1459 sentiens
1782 1445 1796 1471 ‚
1825 1400 1973 1459 intra
2004 1420 2095 1459 ca-

502 1485 696 1563 lycem
725 1479 765 1539 s.
793 1481 1053 1540 cellulam
1077 1481 1193 1540 sese
1231 1480 1434 1558 sponte
1462 1479 1688 1558 recipit.
1775 1480 1906 1538 Hos
1932 1482 2099 1558 poly-

503 1583 612 1644 pos
639 1564 877 1620 Shawz‘us
901 1559 1167 1619 radiculis
1191 1561 1513 1640 plantarum
1545 1561 1921 1638 comparavit.
1965 1561 2101 1620 Me-

501 1645 610 1705 lius
635 1662 776 1702 vero
802 1641 959 1721 poris
988 1640 1424 1719 Vegetabilium
1459 1639 1912 1701 submarinorum
1940 1686 1957 1713 ,
1998 1660 2105 1700 nu-

503 1726 844 1785 trimentum
893 1741 964 1783 ex
1020 1720 1365 1781 circumfuso
1422 1740 1650 1800 aequore
1711 1722 2103 1781 haurientibus

506 1804 761 1866 conferri
785 1802 1047 1883 poffent3
1097 1802 1226 1862 sunt
1259 1803 1415 1862 enim
1445 1801 1744 1880 Zoophyti
1784 1803 1975 1881 capita
2017 1817 2102 1862 at-

508 1906 621 1964 que
649 1886 870 1955 oscula,
915 1903 1077 1965 aeque
1109 1902 1176 1942 ac
1217 1883 1259 1943 ii
1275 1906 1299 1955 ,‘
1357 1902 1498 1962 quos
1539 1902 1613 1943 ex
1651 1883 1880 1962 fingulis
1914 1882 2102 1944 denti·

503 1967 648 2026 culis
702 1963 1025 2023 Sertulariae
1074 1962 1360 2021 exserunt.
1421 1996 1500 2004 —-
1553 1963 1699 2021 Cum
1755 1963 2104 2042 singulorum

500 2049 646 2106 vero
670 2046 1022 2122 Polyporum
1043 2042 1103 2101 in
1129 2042 1326 2101 cellula
1349 2086 1366 2113 ,
1408 2041 1502 2101 cui
1533 2041 1912 2119 respondent,
1954 2063 2100 2120 prae·

499 2142 590 2184 ter
618 2126 837 2185 viscera
856 2167 872 2192 ‚
900 2120 1466 2193 lateat&ovarium;
1495 2122 1976 2182 aSertulariarum
1988 2142 2096 2201 po-

495 2206 649 2284 lypis
677 2202 997 2264 nutritoriis
1025 2221 1097 2260 eo
1125 2200 1430 2271 differunt,
1474 2202 1570 2278 qui
1599 2203 1797 2262 ovaria
1836 2222 1955 2261 non
1993 2223 2093 2280 ge·

496 2301 704 2346 nerant
738 2331 757 2360 ,
811 2303 845 2344 a
898 2282 1148 2363 propriis
1192 2279 1668 2342 fructificantibus
1720 2282 1954 2362 Polypis
1995 2301 2099 2361 pa·

498 2368 698 2426 randa.
2098 2415 2102 2422 .

580 2445 875 2506 Corticem
900 2443 1109 2504 Ifidum
1133 2464 1293 2524 aeque
1318 2463 1386 2505 ac
1414 2445 1854 2522 Gorgoniarum
1886 2444 1948 2506 in
1973 2459 2099 2507 om·

501 2528 666 2588 nibus
705 2526 999 2605 speciebus
1036 2528 1157 2606 ipse
1193 2526 1497 2602 observavi
1535 2525 1598 2586 &
1635 2523 1783 2585 infra
1820 2524 1920 2585 suo
1957 2525 2097 2586 loco

502 2607 799 2690 descripsi,
861 2605 1159 2690 adjecique
1198 2627 1231 2667 a
1269 2608 1472 2686 quibus
1509 2621 1643 2666 ante
1678 2623 1772 2667 me
1796 2606 2106 2675 autoribus.

505 2690 870 2775 observatum
905 2687 969 2749 ἄ
999 2687 1350 2768 descriptum
1373 2687 1714 2751 invenerim.

1748 3103 1880 3164 142.
1922 3086 2095 3156 ISIS
