2167 3612
194 346 351 399 Tseniae

189 421 329 481 urigo,

443 228 559 286 ῳ4
856 204 1604 272 zooPHYTA

529 342 678 401 Haec
718 354 911 399 tamen
953 339 1147 401 omnia
1185 340 1403 403 Taeniae
1441 359 1700 404 naturam
1742 361 1861 412 non
1898 342 2040 408 mul·
2112 356 2114 358 ’
2152 356 2156 376 ⁴

447 438 572 482 tum
612 421 887 481 illustrant
913 467 928 491 ‚
971 441 1079 481 nec
1118 423 1261 483 mihi
1294 424 1395 501 ipfi
1435 425 1536 484 ista
1563 424 1635 484 de
1677 424 1898 488 Taeniae
1944 447 2043 486 na-

444 520 573 562 tura
616 501 919 580 hypothesi
958 501 1261 562 satisfacio.
1322 507 1561 566 Facilius
1589 509 1821 585 concipi
1859 507 2045 586 posset

443 605 556 663 qua
594 584 817 643 ratione
855 583 1079 642 Taeniae
1124 585 1181 642 in
1224 584 1553 647 animalibus
1606 604 1827 647 tantum
1874 608 2047 668 gene·
2122 585 2132 659 J

448 681 645 726 rentur
672 664 732 722 ἃ
760 663 1052 740 quomodo
1071 665 1144 722 T.
1176 666 1482 744 hydatigena
1508 668 1565 726 in
1596 669 1917 728 cellulosam
1947 688 2046 746 pe·
2124 675 2125 678 ’

450 744 676 807 ritonaei
710 759 976 820 penetret
1004 791 1020 815 ‚
1080 745 1150 803 ad
1190 766 1358 821 quam
1411 767 1514 825 per
1555 750 1872 809 tenuiffima
1924 764 2052 808 tan·
2146 768 2147 773 ¹

453 844 575 885 turn
607 823 736 882 vasa
763 824 1085 882 exhalantia
1124 841 1286 901 patet
1318 828 1523 884 adituS.
1569 829 1857 888 Credibile
1894 831 2053 890 enim
2133 828 2146 879 ἰ’

453 905 536 964 est
576 904 940 964 minutiffima
983 902 1097 964 esse
1139 905 1473 963 Taeniarum
1509 908 1678 964 ovula
1705 953 1719 975 ,
1776 926 1948 987 prout
1989 909 2053 970 ἃ

451 986 754 1064 Ascaridum
793 985 1097 1045 certiffime
1135 985 1282 1047 sunt.
1366 984 1526 1045 Hinc
1567 985 1625 1045 in
1673 1006 1878 1065 corpus
1933 990 2055 1050 ani·
2134 1028 2147 1060 :2

449 1069 601 1128 male
649 1067 835 1124 delata
876 1085 979 1142 per
1029 1064 1162 1125 satis
1201 1064 1467 1146 angustos
1505 1065 1767 1126 vasorum
1830 1072 2054 1130 canales

454 1147 700 1227 propelli
726 1161 1001 1223 poterunt
1020 1193 1034 1216 ‚
1054 1147 1405 1225 intimosque
1428 1148 1670 1208 recessus
1692 1150 1867 1208 adire.
1914 1152 2062 1209 Cum

454 1229 784 1289 animalium
826 1229 1208 1288 excrementis
1235 1228 1593 1288 disseminata
1629 1250 1695 1289 ea
1734 1232 1937 1302 ovnla,
1981 1233 2057 1289 ob
2139 1222 2147 1289 ἕ,

447 1328 729 1401 magnum
762 1327 1063 1368 numerum
1090 1307 1151 1367 ἃ
1181 1310 1562 1386 parvitatem,
1606 1311 1816 1389 ubique
1843 1309 1905 1370 ἃ
1935 1331 2060 1370 cre·
2140 1313 2145 1375 i

455 1394 707 1452 bernme
749 1389 924 1449 obvia
961 1387 1072 1449 esse
1114 1387 1176 1449 &
1211 1410 1341 1449 cum
1381 1391 1667 1450 alimentis
1715 1391 1912 1450 assumi
1960 1391 2058 1450 de·

455 1473 615 1533 bent.
698 1471 841 1529 Non
876 1487 1158 1549 repugnat
1190 1491 1257 1530 ea
1288 1471 1386 1530 diu
1420 1488 1584 1530 extra
1610 1491 1817 1550 corpus
1846 1473 2060 1531 anima-

456 1554 514 1613 le
540 1554 743 1612 durare
768 1550 830 1612 ἃ
861 1550 1006 1610 ficca
1043 1571 1271 1631 quoque
1307 1571 1439 1611 cum
1479 1554 1717 1630 pulvere
1757 1571 1907 1629 vago
1953 1555 2062 1612 cir·

457 1632 844 1695 cumvolitare
875 1632 1121 1705 debere3
1155 1634 1570 1712 experimentis
1607 1636 1762 1694 enim
1789 1634 2060 1694 novimus

460 1713 819 1794 quorundam
853 1715 1229 1774 Monoculorum
1268 1715 1439 1774 ovula
1466 1712 1528 1774 &
1550 1715 1856 1775 Brachionos
1880 1761 1895 1787 ‚
1939 1716 2061 1775 imo

457 1799 698 1876 Hydram
741 1815 971 1874 quoque
1016 1797 1265 1869 viridem,
1312 1795 1592 1857 exficcata
1644 1797 1847 1856 durare
1898 1794 1960 1855 ἄ
2004 1814 2062 1855 α·

458 1897 588 1954 quae
622 1878 843 1936 reddita
870 1878 1236 1938 reviviscere.
1323 1876 1630 1937 Brachioni
1658 1877 1720 1937 <St
1755 1876 2061 1937 Monoculi

462 1958 538 2015 fic
566 1958 740 2015 etiam
770 1974 804 2011 a
841 1974 1021 2015 vento
1060 1958 1407 2018 disseminari
1435 1959 1636 2018 solent.
1682 1993 1757 2003 ·-
1797 1961 1941 2018 Non
1967 1977 2064 2016 au-

463 2052 586 2095 tem
623 2033 997 2093 excludentur
1023 2036 1355 2093 Taeniarum
1378 2057 1521 2106 ova,
1551 2039 1652 2097 nifi
1691 2054 1829 2116 apto
1858 2039 2063 2098 caloris

465 2116 678 2194 gram,
697 2131 945 2191 aptoque
970 2115 1029 2171 in
1059 2116 1228 2185 loco;
1259 2115 1484 2187 exclusa
1514 2118 1646 2175 dein
1679 2128 1894 2177 naturae
1923 2137 2061 2177 con-

465 2196 728 2256 venienti
756 2194 1114 2253 nutrimento
1128 2192 1562 2252 foveridebent.
1608 2198 1703 2255 Sic
1728 2199 1920 2256 avium
1946 2215 2060 2257 ova

467 2293 632 2338 certo
661 2275 867 2337 caloris
894 2275 1106 2352 gradU‚
1130 2291 1394 2335 materno
1412 2277 1680 2352 proximo
1710 2277 1938 2337 excludi
1959 2280 2060 2336 de·
2136 2323 2167 2356 ‘.

467 2362 627 2421 bent.
647 2359 773 2417 Imo
798 2356 979 2432 magis
995 2354 1108 2414 huc
1127 2355 1266 2415 facit
1292 2353 1621 2416 observatio
1638 2355 1696 2415 in
1716 2358 2063 2418 'I'ruttarum

468 2442 598 2499 ovis
615 2459 795 2517 nuper
821 2435 1135 2515 fafita‚'qua
1161 2435 1451 2505 constitit,
1483 2457 1550 2497 ea
1572 2437 1914 2513 purissimam
1943 2441 2064 2517 gla-
2129 2443 2144 2493 ’ς

464 2540 624 2582 ream
654 2519 973 2598 requirere,
1032 2534 1095 2576 ut
1119 2517 1321 2578 foetum
1348 2518 1668 2598 producant
1689 2564 1702 2587 ,
1745 2519 2065 2598 cuicunque

467 2621 612 2665 vero
642 2602 738 2661 vel
777 2598 1099 2677 impuritati
1148 2599 1241 2658 vel
1292 2600 1414 2658 luto
1465 2601 1739 2677 contigua
1773 2600 2063 2677 putresce'·
2143 2610 2146 2614 ’

469 2705 552 2744 re.
619 2716 695 2725 -—
745 2679 857 2741 Sed
907 2679 1085 2738 absmt
1153 2679 1503 2759 hypotheses
1582 2696 1870 2757 utcunque
1936 2683 2061 2744 veri
2147 2685 2151 2691 ’

469 2763 662 2843 specie
704 2760 1058 2832 nobilitatae3
1101 2760 1248 2839 ipsas
1295 2760 1593 2821 videamus
1635 2761 1868 2831 Taemas,
1924 2783 2058 2841 qua-

467 2864 596 2903 rum
622 2842 776 2903 forte
801 2842 1098 2903 nonnullas
1125 2841 1315 2920 specie
1350 2839 1637 2904 distinEtas
1663 2841 1775 2902 effe
1801 2844 2062 2918 inveniet

473 2940 593 2997 tur,
637 2944 772 3002 quas
806 2941 959 2984 nunc
997 2924 1113 2982 loci
1150 2919 1213 2982 ἃ
1248 2922 1504 2984 alimenti
1536 2940 1737 2983 natura
1776 2922 1850 2983 fic
1878 2940 2056 2981 muta-

468 3018 556 3063 tas
582 3006 856 3083 tantisper
888 3005 1105 3079 putavi.
1193 3004 1469 3064 Plurimas
1505 3019 1696 3064 tamen
1734 3022 1848 3064 non
1876 3003 2056 3080 figura
2139 3026 2141 3030 ⁴

467 3083 678 3159 solum,
720 3084 818 3146 sed
859 3098 985 3146 tota
1010 3083 1226 3151 fabrica
1252 3083 1490 3149 differre
1514 3084 1858 3152 videbimus.

1786 3264 1839 3307 1.
1883 3242 2057 3322 TAE-
2126 3218 2140 3303 ¹.
