2167 3612
482 233 1291 306 CORALLINA.
1567 263 1692 326 419

89 380 192 447 ’riaer
216 378 298 440 ita
325 379 452 439 sunt
478 379 718 447 minuti;
752 390 817 436 ut
844 377 1042 455 polypi
1067 378 1128 438 in
1154 381 1224 440 iis
1262 376 1539 455 hospitari
1577 395 1678 438 ne-

85 477 315 539 queant.
398 461 610 540 Neque
635 462 758 517 haec
796 459 1064 519 calcareae
1101 459 1419 520 substantiae
1447 506 1465 532 ,
1509 475 1678 521 aceto

84 543 343 602 alteratae
369 587 387 616 ‚
432 541 662 602 visibilis
690 537 996 615 porofitas‚
1024 556 1194 617 quam
1220 556 1388 613 urget
1427 539 1672 617 Ellilius,

81 623 269 701 magis
317 643 425 701 pro
464 619 812 681 animalitate
876 617 1245 678 Corallinarum
1282 618 1456 693 facit,
1501 641 1673 701 quarn

76 704 319 763 Furorum
336 702 462 781 pori
487 701 778 760 nutritorii
792 719 892 780 eos
921 699 1185 760 animalia
1205 698 1317 761 esse
1340 702 1668 778 probarent.

75 785 340 844 Summus
354 780 605 860 Juffiaeus
620 827 637 853 ,
659 799 832 858 quum
854 796 1013 840 tanta
1040 780 1340 859 diligentia
1363 780 1434 841 ad
1447 783 1672 860 plantas

73 865 322 922 marinas
380 861 721 921 adtenderet
746 906 764 933 ,
830 877 893 920 ut
955 862 1397 940 Zoophytorum
1456 880 1671 923 novam

73 958 310 1022 gentem
334 941 689 1014 vindicaret,
731 942 789 1002 in
823 942 1091 1001 Corallinis
1126 942 1279 1002 veris
1318 941 1462 1003 nihil
1487 943 1670 1004 omni-

72 1042 154 1084 no
192 1024 330 1083 vitae
375 1024 643 1102 percepit
685 1021 828 1102 (abt.
859 1025 994 1100 gall.
1033 1042 1200 1097 1742.
1224 1039 1278 1100 p.
1326 1021 1490 1104 290.)
1534 1025 1670 1084 Ma·

72 1122 253 1184 gnum
290 1105 537 1184 denique
570 1123 677 1183 pro
714 1106 1127 1165 Corallinarum
1151 1103 1464 1183 vegetabili
1500 1104 1669 1164 indo·

67 1186 123 1245 le
148 1202 549 1263 argumentum
574 1186 807 1246 videtur
820 1186 1070 1263 plantula
1089 1185 1363 1246 terrestris
1380 1184 1670 1264 adiligen·

68 1266 278 1343 tiffimo
321 1266 494 1343 Meese
525 1285 707 1344 nuper
732 1266 1048 1346 descripta,
1091 1285 1217 1344 quae
1253 1266 1555 1326 certisfime
1595 1285 1671 1327 ex

69 1345 479 1405 Corallinarum
507 1346 653 1405 cens
644 1366 679 1404 u
705 1345 818 1419 est,
861 1366 1068 1425 easque
1093 1346 1398 1420 strucffira,
1420 1345 1670 1408 substan-

64 1426 148 1486 tia
170 1440 343 1504 atque
366 1424 815 1489 frufflficatione
851 1428 923 1488 ad
951 1427 1207 1488 amuffim
1238 1427 1438 1488 refert.

147 1506 368 1590 Quidni
405 1527 546 1587 ergo
586 1509 875 1570 Corallinas
916 1509 1069 1570 inter
1105 1510 1455 1588 vegetabilia
1488 1509 1670 1570 collo·

66 1597 266 1650 cemus
299 1634 317 1663 ,
374 1588 700 1668 praesertim
766 1610 941 1670 quum
975 1591 1034 1650 in
1073 1590 1144 1650 iis
1185 1590 1431 1651 nodulos
1467 1590 1668 1670 paffim

67 1685 242 1748 atque
269 1671 562 1731 tubercula
592 1672 962 1732 observemus
986 1670 1324 1731 seminulum
1364 1672 1668 1732 continen-

63 1751 147 1811 tia
171 1797 189 1824 ,
241 1748 750 1813 fructificationum
785 1754 847 1814 in
881 1753 1030 1812 Facis
1058 1752 1121 1814 δε
1150 1751 1415 1829 Conservis
1462 1770 1666 1813 occur·

63 1832 318 1905 rentium
345 1833 691 1913 subanologa
722 1836 753 1893 ‘3
793 1835 937 1895 Non
974 1851 1167 1894 tamen
1204 1850 1409 1894 contra
1441 1852 1663 1912 pugna·

62 1913 178 1986 bo,
220 1912 262 1973 fi
293 1915 419 1993 quis
449 1914 689 1975 meliora
719 1916 946 1976 doceat.
975 1974 978 1977 ,
1030 1914 1272 1975 Interim
1295 1916 1447 1975 inter
1480 1912 1662 1974 ambi·

62 2012 176 2072 gua
215 1992 526 2074 Zoophyta
564 1997 846 2055 Corallinas
884 1994 1207 2064 collocavi,
1248 2012 1325 2052 ne
1356 1992 1526 2053 seriei
1563 1992 1663 2055 de·

60 2072 275 2148 effent,
315 2076 354 2135 fi
383 2095 512 2154 quis
536 2078 748 2151 probet
781 2073 971 2134 eidem
1002 2072 1326 2132 inserendas
1355 2071 1488 2130 effe.

141 2155 332 2231 Fucum
371 2159 676 2232 pavonicum
714 2151 1016 2211 Corallinis
1064 2150 1357 2210 adsociavi
1396 2150 1473 2209 ob
1508 2149 1659 2210 sum·

55 2245 213 2295 mam
246 2235 537 2311 ejusrcum
575 2233 639 2290 C.
680 2233 886 2310 opuntia
925 2229 1303 2289 adfinitatem.
1401 2229 1662 2308 Androsa·

54 2321 147 2375 cen
183 2310 487 2372 substantia
535 2308 601 2370 &
634 2309 927 2371 crescendi
963 2311 1141 2370 modo
1192 2308 1535 2370 subfimilem
1579 2311 1655 2372 ad

57 2396 278 2456 calcem
300 2391 520 2471 adjeci,
546 2410 885 2471 quamquam
921 2389 1198 2451 structura
1223 2390 1510 2452 diversam
1537 2391 1653 2453 effe

55 2495 175 2536 non
201 2492 428 2554 negem.
454 2507 534 2517 ——
550 2475 613 2532 C.
631 2472 867 2552 tubultffae
881 2491 1108 2551 quoque
1135 2487 1338 2532 natura
1361 2473 1656 2535 abnormis

56 2555 141 2616 est
175 2554 238 2617 <Sc
263 2552 567 2634 peculiaris
601 2552 758 2615 forte
790 2552 1143 2633 reperietur3
1184 2553 1654 2614 interimtamen

53 2635 159 2699 sub
177 2655 292 2718 quo
318 2655 446 2698 eam
470 2654 684 2715 genere
711 2633 900 2716 aptius
915 2635 1262 2695 collocarem
1287 2652 1406 2694 non
1430 2632 1657 2695 inveni.

218 2810 281 2861 1.
353 2783 1037 2865 CORALLINA
1088 2808 1496 2864 nvomA.

158 2947 277 3024 Co
294 2968 340 3020 R
359 2970 404 3018 A
420 2969 464 3025 L
482 2969 524 3018 1.
541 2969 568 3020 1
584 2967 631 3017 Ν
646 2970 693 3019 A
736 2943 1011 3018 foliacea
1040 2992 1066 3031 ,
1117 2942 1460 3019 frondibus
1503 2954 1656 3043 pross

52 3048 247 3124 liferis
321 3051 776 3131 reniformibus
819 3051 1057 3135 striatis
1127 3049 1658 3148 transverfimque

56 3156 352 3261 fasciatis.
460 3218 468 3225 .

139 3264 142 3266 v
815 3278 874 3343 D
891 3277 926 3340 d
970 3295 1004 3340 2
1413 3280 1468 3339 C.
1499 3278 1667 3360 Bauh.
