2167 3612
518 175 1413 240 SERTULAuia
1649 198 1762 258 υς

155 325 413 376 curreret
447 359 461 383 ,
531 312 842 373 medullam
899 312 1203 375 animalem
1231 358 1248 388 ,
1314 312 1587 391 calyculis·
1652 334 1759 393 po·

151 398 315 473 lypos
371 388 730 456 exserentem
789 394 1170 471 observavit,
1227 395 1583 473 eandemque
1624 397 1657 454 l.
1704 416 1754 456 c.

147 475 272 537 fuse
317 475 612 555 descripsit
648 474 711 534 δι
748 475 1062 536 delineavit
1114 476 1370 557 egregie.
1426 509 1505 518 ——
1547 475 1758 537 Vitam

144 558 584 637 torpidiflimam
610 557 822 617 habere
854 557 1101 636 polypos
1151 559 1295 619 dicit
1322 603 1339 630 ‚
1384 572 1447 615 ut
1475 576 1580 615 acu
1615 556 1755 618 taffl

145 639 250 699 vix
292 638 671 699 sensibilitatis
713 639 854 697 dent
901 637 1087 717 figna3
1133 660 1277 720 aqua
1315 654 1545 698 exemta
1576 635 1754 715 stirpe

142 738 285 780 vero
325 721 475 779 intra
504 721 795 798 calyculos
823 721 1070 794 retrahi,
1112 720 1173 782 ἃ
1208 724 1362 781 lente
1400 719 1591 779 denuo
1621 736 1757 797 pro-

142 801 270 862 dire
297 800 354 860 in
398 821 602 880 aquam
634 801 899 881 reposita.
988 803 1076 862 Ex
1108 803 1273 881 apice
1312 802 1500 879 stirpis
1528 801 1566 859 s.
1616 821 1648 858 e
1672 801 1750 857 la·

139 897 266 942 tere
294 882 483 942 ultimi
516 885 792 963 calyculi,
839 884 998 943 velut
1024 903 1314 963 gemmam
1344 898 1522 944 ovato
1550 882 1750 940 oblon-

138 981 272 1041 gam
298 964 578 1041 pullulare
606 965 789 1034 vidit‚
832 984 958 1044 quae
987 965 1197 1024 deinde
1227 963 1483 1042 aperitur
1509 963 1568 1021 in
1595 981 1751 1022 cam·

138 1046 475 1124 panulatum
525 1047 848 1125 calyculum
879 1093 896 1119 ‚
954 1046 1350 1106 efflorescente
1395 1045 1633 1122 polypo,
1677 1076 1756 1086 —-

137 1125 443 1185 Exsertum
470 1128 678 1186 animal
719 1125 957 1188 exhibet
997 1127 1191 1187 medio
1221 1127 1526 1205 papillam,
1571 1123 1755 1200 magis

138 1206 409 1266 minusve
458 1209 845 1284 prominulam
877 1255 891 1279 ‚
946 1209 1175 1269 orificio
1227 1204 1497 1282 impresso
1555 1204 1759 1262 instru-

140 1286 332 1355 Etam,
378 1287 684 1344 tentaculis
711 1288 993 1345 radiatam
1015 1288 1252 1345 circiter
1275 1283 1522 1361 viginti,
1572 1284 1760 1344 subre-

139 1365 308 1426 flexis
343 1410 359 1437 ‚
415 1367 742 1425 adtenuatis
788 1364 850 1426 &
884 1365 1214 1444 granulosiS.
1301 1366 1624 1424 Medullam
1672 1367 1760 1425 in·

140 1462 230 1507 tra
281 1445 634 1525 pellucidum
677 1447 939 1514 tubulum
982 1449 1319 1526 opaciorem
1364 1444 1603 1505 subinde
1645 1462 1760 1505 tre·

138 1527 381 1588 miscere
427 1527 529 1588 fibi
567 1528 720 1589 visus
768 1527 848 1587 est
886 1529 1108 1587 videre.
1194 1527 1403 1606 Capita
1441 1545 1556 1583 non
1598 1526 1760 1586 simul

136 1610 373 1682 omnia,
433 1631 549 1670 uno
592 1625 876 1689 pereunte
904 1652 921 1680 ,
975 1610 1321 1679 intereunt,
1358 1606 1453 1665 sed
1499 1606 1650 1685 saepe
1698 1609 1760 1667 in

135 1709 253 1750 uno
280 1693 542 1751 alterove
570 1691 829 1768 calyculo
857 1691 1103 1767 polypus
1121 1689 1372 1749 deficere
1397 1686 1757 1749 observatur.

221 1774 470 1831 Linnaeus
496 1790 804 1850 perperam
827 1790 859 1828 a
889 1768 1163 1850 Laeflingio
1192 1769 1541 1848 descriptam
1562 1771 1758 1829 Sertu·

139 1853 371 1923 latiam,
414 1871 548 1911 ,cum
577 1854 747 1910 icone
773 1854 977 1917 ramuli
1012 1855 1068 1911 S.
1109 1855 1426 1931 polyzoniae‚
1472 1853 1542 1910 ab
1575 1849 1757 1926 Ellisto

139 1933 199 1996 in
237 1934 426 1994 tabula
466 1931 775 1993 accessoria
814 1930 964 2009 (tab.
1013 1933 1158 2012 38.)
1208 1933 1504 2002 exhibita,
1551 1933 1759 2001 confu-

139 2015 227 2075 dit
254 2059 270 2087 ,
325 2033 656 2097 novamque
703 2012 776 2073 fic
819 2015 1087 2081 condidit
1131 2015 1385 2094 speciem
1412 2059 1430 2087 ‚
1485 2034 1656 2091 quam
1699 2017 1759 2072 S.

125 2093 418 2177 flexuosam
459 2096 794 2175 appellavit.
837 2129 917 2138 --
958 2097 1458 2156 Naturaliffimum
1500 2094 1709 2154 statum
1740 2141 1756 2164 ,

136 2197 247 2258 qua
287 2178 435 2237 hanc
473 2177 844 2238 Sertulariam
882 2194 1180 2236 recentem
1222 2176 1451 2254 semper
1489 2176 1757 2234 observa·
1799 2199 1805 2204 ·

139 2259 237 2330 vi,
283 2259 517 2335 egregie
556 2254 907 2336 Laeflz'ngiczna
933 2304 951 2331 ,
995 2256 1059 2318 ἃ
1093 2257 1368 2335 proxime
1404 2252 1582 2331 Ellzfii
1619 2256 1755 2316 icon

140 2340 208 2397 C.
254 2339 551 2399 exhibent.

146 2514 262 2611 69.
333 2512 1085 2592 SERTULARIA
1175 2534 1762 2595 Lonolsslim.

250 2701 295 2770 S
320 2719 358 2767 E
379 2719 489 2770 ΒΤ
506 2721 551 2770 U
574 2721 615 2768 L
640 2719 783 2770 ΑΜ
807 2720 847 2769 Α
897 2702 1100 2796 longa
1119 2748 1142 2785 ‚
1196 2701 1442 2770 alterne
1477 2697 1721 2767 ramosa
1745 2747 1765 2779 ,

148 2806 339 2883 ramis
371 2801 692 2875 subdivifis
709 2852 732 2887 ‚
771 2808 1074 2900 calyculis
1112 2802 1561 2877 terminalibus
1593 2824 1768 2876 cam-³

149 2909 478 3013 panulatis
497 2957 522 2995 ,
593 2909 824 2981 orariis
855 2907 1240 2982 axillaribUS.

999 3157 1060 3217 H
1106 3174 1144 3231 4
1650 3153 1790 3217 Extis
