2167 3612
448 208 561 264 128
839 185 1675 250 'ZOO·PHYTA.·

447 335 570 396 rior
608 327 673 391 &
712 328 987 391 ramosior
1026 325 1362 385 observatur
1390 371 1405 400 ,
1459 339 1842 405 truncumque
1882 344 1915 385 a
1960 323 2058 387 dea

450 411 769 478 fluentibus
796 409 1008 471 tubulis
1045 406 1327 485 scruposa.
2032 457 2035 463 ,

525 493 735 570 Capite
786 495 847 551 B.
892 489 1030 568 Spei
1087 488 1313 549 allatam
1352 486 1540 547 habeo
1568 532 1584 560 ‚
1628 486 1954 547 craffiorem
1997 487 2061 548 &

443 579 507 646 in
584 574 886 635 fruticulos
954 570 1161 629 crebro
1233 569 1485 629 ramosos
1512 615 1526 640 ,
1599 567 2060 646 cupreffiforrnes

444 657 864 736 luxuriantem,
909 650 1149 712 obscure
1174 651 1422 722 luteam3
1464 649 1541 710 fic
1566 651 1742 711 etiarn
1767 650 2062 710 interdum

446 739 510 801 in
541 737 669 796 Fuco
697 733 990 812 verficolore
1029 732 1304 792 occurrit.

533 820 790 878 Similem
816 864 832 890 ‚
888 814 983 875 sed
1022 813 1267 873 craffitie
1313 813 1490 872 etiam
1537 814 1593 873 S.
1637 815 1878 872 abietinae
1919 826 2065 890 prae‘-

448 901 772 981 pollentem
826 895 891 958 &
943 895 1159 955 ovariis
1197 893 1508 971 infignibus
1563 895 1868 969 praeditam
1898 937 1915 966 ,
1958 911 2065 970 pu-

444 982 645 1044 milam
671 995 867 1041 tamen
886 1014 911 1054 ,<
947 996 1020 1037 ex
1047 975 1297 1035 Corallio
1321 974 1524 1034 Indico
1549 973 1842 1053 decerpsi.

441 1123 447 1129 ,
527 1060 1020 1140 Elegantiffimam
1056 1060 1315 1116 omnium
1341 1055 1691 1115 varietatem
1727 1057 1786 1115 in
1821 1057 2061 1115 Oceano

445 1141 520 1202 ad
567 1140 924 1201 Cornubiam
979 1138 1042 1200 &
1083 1138 1417 1197 Americam
1468 1154 1586 1193 non
1637 1135 2065 1213 infrequentem

444 1222 648 1295 serv0,
694 1241 821 1300 quae
850 1223 912 1282 in
940 1220 1244 1282 fruticulos
1271 1215 1654 1294 tripollicares
1695 1213 1759 1275 δε
1785 1216 1932 1275 ultra
1962 1234 2063 1275 ex-

447 1303 658 1364 crescit
695 1348 712 1370 .
768 1317 1039 1361 truncum
1095 1298 1397 1376 scruposos
1425 1338 1444 1366 ,
1498 1296 1841 1376 subpinnate
1878 1315 2068 1356 ramo-

447 1383 544 1444 sos
573 1429 590 1457 ,
633 1382 850 1442 coloris
884 1383 1045 1442 luteo
1083 1377 1274 1458 grysei
1305 1423 1322 1450 ,
1367 1375 1612 1435 craffitie
1648 1374 1775 1436 fere
1815 1378 1872 1435 S.
1927 1379 2068 1436 abie-

450 1465 595 1525 tinae.
704 1462 898 1539 Hujus
948 1460 1363 1539 speciminibus
1413 1456 1712 1534 praeterito
1765 1468 1919 1517 anno
1974 1478 2068 1516 ac·

451 1543 640 1624 ceptis
675 1541 997 1602 admixtam
1035 1540 1234 1618 paffim
1271 1536 1472 1598 inveni
1517 1538 1574 1595 S.
1620 1538 1904 1596 halecinam
1932 1583 1948 1610 ‚
2005 1535 2070 1596 <Sc

455 1627 867 1688 decurrentem
916 1640 1022 1702 per
1053 1638 1245 1679 ramos
1288 1621 1347 1679 S.
1396 1615 1669 1697 unifloram
1696 1663 1715 1692 ,
1768 1616 2070 1680 volubilem-

497 1727 588 1768 ue.

455 1727 495 1788 q
541 1788 788 1868 Polypum
829 1784 999 1864 hujus
1045 1783 1262 1862 speciei
1301 1782 1443 1843 olim
1489 1781 1550 1842 in
1590 1780 1790 1862 ostreis
1840 1780 2073 1842 Maldo-

456 1870 723 1933 nensrbus
745 1869 952 1929 vivum
978 1864 1287 1926 observavi
1336 1862 1400 1924 &
1437 1863 1637 1923 ovaria
1672 1881 1901 1941 quoque
1930 1883 2073 1921 ovua

456 1954 527 2014 lis
553 1952 723 2030 plena
746 1995 763 2023 ,
805 1946 1035 2027 prorsus
1063 1947 1149 2006 uti
1186 1943 1398 2018 Ellisius
1436 1944 1498 2003 in
1544 1945 1737 2003 tabula
1766 1942 2076 2005 accefforia

459 2031 746 2095 exhibuit.
1796 2066 1807 2071 κ

536 2111 802 2173 Indicam
832 2125 1025 2168 meam
1054 2104 1119 2167 ἃ
1157 2105 1419 2167 ultimam
1445 2104 1790 2166 varietatem
1824 2105 1966 2165 Sebae
1992 2103 2079 2165 in-

456 2197 665 2256 dicatae
690 2192 890 2251 icones
921 2186 1136 2247 fistunt.
1178 2221 1257 2230 --
1298 2188 1508 2247 Linnaei
1556 2188 1610 2246 S.
1644 2183 1883 2265 flexuosa
1939 2203 2077 2247 cum*

463 2274 730 2358 ejusdem
761 2273 817 2332 S.
858 2270 1132 2348 polyzonia
1176 2267 1382 2328 eadem
1420 2266 1530 2342 est,
1572 2267 1954 2328 citatae’enim
1999 2268 2074 2327 ad

459 2371 765 2434 utramque
816 2347 987 2426 Ellifii
1023 2349 1223 2429 figurae
1287 2351 1360 2410 ad
1423 2368 1596 2409 unam
1657 2348 1898 2409 omnino
1948 2347 2075 2427 spe-

460 2440 615 2501 ciem
652 2432 948 2514 pertinent
974 2477 992 2506 ,
1044 2450 1216 2510 quam
1252 2430 1349 2491 hic
1405 2430 1685 2492 describo.
1781 2430 1913 2489 Itno
1951 2429 2077 2507 ipse

463 2537 695 2601 quoque
715 2516 960 2575 Linnaeus
980 2558 995 2586 ‚
1011 2531 1182 2591 quam
1197 2512 1268 2571 ad
1281 2514 1336 2572 S.
1342 2508 1639 2590 flexueffam
1666 2510 1876 2570 citavit
1902 2506 2076 2587 Ellzsn'

462 2603 699 2665 iconem
727 2642 744 2669 ,
803 2595 979 2656 etiam
1026 2591 1101 2653 ad
1143 2593 1470 2672 polyzoniam
1504 2589 1756 2651 retuliffe
1805 2589 2070 2663 videtur,

463 2697 789 2762 quanquam
812 2674 1197 2755 Typographi
1236 2674 1387 2735 vitio
1429 2674 1543 2737 tab.
1591 2680 1687 2739 28.
1730 2689 1839 2752 pro
1869 2678 1963 2752 38.
2011 2674 2072 2732 in

467 2762 787 2843 Systemate
816 2758 1061 2819 Naturae
1101 2756 1341 2834 legatur.
1921 2778 1926 2783 ·

1709 3143 1839 3220 ¹¹77.
1880 3141 1915 3202 S
1932 3137 1976 3200 E?
1993 3140 2072 3199 R-
