2167 3612
400 196 516 252 226
843 183 1599 251 ZOOPHYTA.

402 327 521 383 lato
543 320 730 383 lasteo
764 322 967 397 succo,
1011 342 1044 384 a
1073 323 1294 385 cortice
1318 337 1676 403 praeparate,
1707 343 1814 404 per
1849 324 2022 390 strata

407 407 608 484 augeri
640 404 903 480 afferuit3
945 405 1260 486 mollesque
1297 406 1358 466 in
1387 407 1529 466 mari
1557 405 1911 485 pendulorum,
1955 426 2020 470 ut

408 491 680 566 putabat,
728 508 1018 547 ramorum
1046 488 1444 549 extremitates
1471 489 1538 547 ab
1567 488 1897 554 abundante
1921 511 2021 553 eo-

412 571 547 627 dem
574 569 745 629 succo
779 568 1064 646 expandi,
1093 567 1310 629 bursae
1295 587 1356 630 ιιι
1385 569 1656 643 modum,
1684 567 1842 631 &fic
1867 572 2023 633 elon·

414 649 556 728 gari.
611 685 691 692 -—
755 650 903 709 Eum
957 650 1247 715 insecutus
1315 651 1659 711 Reaumurius
1689 694 1707 722 ‚
1772 653 1983 732 spretis
2007 699 2027 729 ,

415 751 542 807 quae
572 748 693 790 tum
716 730 837 809 jam
866 733 1172 793 audiverat
1188 732 2027 813 PeyſjbnellipropofitionibUS‚

415 811 579 870 fimili
609 810 766 882 fere,
797 833 864 872 ac
886 812 1193 889 Mmfilius,
1236 813 1413 872 modo
1435 815 1746 874 Corallium
1777 817 2031 896 explica·

414 894 534 953 vit:
565 896 699 954 Solo
716 897 940 956 cortice
963 894 1252 974 organico
1271 895 1584 973 vegetabili
1614 896 1873 957 crescere
1894 897 2034 960 affe-

417 992 550 1033 rens
568 976 662 1049 ,in
692 977 852 1052 cujus
872 976 1117 1037 vasculis
1132 976 1369 1054 granula
1393 974 1652 1055 lapidea,
1668 977 1836 1037 rubra
1854 998 2032 1058 gene

419 1071 650 1127 rentur,
678 1076 805 1134 quae
834 1059 990 1118 circa
1012 1058 1148 1117 axin
1171 1056 1362 1135 stirpis
1389 1056 1662 1149 congesta
1689 1056 1752 1118 &
1773 1079 1875 1136 per
1899 1059 2037 1122 stra·

421 1149 480 1193 ta
506 1137 837 1228 compaEta,
852 1138 1626 1217 Coralliuminorganicum,
1643 1142 2035 1219 vegetabilem
2121 1172 2125 1178 ’

421 1219 706 1278 corticem
755 1221 1086 1282 suffulciens
1117 1268 1132 1294 ‚
1192 1221 1564 1281 constituant.
1640 1218 1803 1297 (Aet.
1859 1224 2037 1301 Parrs.

426 1317 602 1375 1727.
641 1319 694 1379 p.
746 1307 880 1374 269.
910 1305 1021 1379 seq.
1041 1302 1069 1379 )
1114 1334 1196 1343 --
1221 1302 1303 1358 At
1329 1300 1458 1378 post
1483 1301 1849 1361 vindicatum
1882 1304 2039 1364 Zoo

419 1383 566 1459 phyt
572 1400 738 1440 orum
761 1384 1063 1453 ordinem,
1107 1381 1305 1440 Donati
1342 1380 1578 1440 tandem
1603 1401 1803 1442 veram
1843 1385 2039 1445 Coral-

421 1461 485 1521 lii
512 1460 572 1521 ἃ
604 1462 888 1539 optimam
915 1464 1420 1523 adumbrationem
1444 1463 1642 1533 dedit,
1672 1482 1846 1540 quam
1869 1465 1902 1522 s
1897 1484 2039 1542 upra

422 1543 780 1603 eontraEtam
821 1545 1117 1624 proposui.
1214 1544 1292 1602 Et
1326 1561 1660 1636 quanquam
1687 1544 1937 1635 polypos
1975 1546 2038 1606 in

420 1625 636 1684 cellulis
662 1626 877 1686 solutos
903 1646 1014 1686 nec
1048 1626 1286 1686 corallio
1314 1625 1619 1684 continuos
1643 1624 1816 1685 initio
1854 1626 2042 1688 credi-

393 1706 575 1766 -derit
629 1706 783 1786 (lust.
824 1709 1015 1768 adriat.
1061 1708 1179 1768 edic.
1217 1708 1350 1785 gall.
1385 1722 1441 1783 p
1486 1713 1583 1778 48
1600 1704 1711 1786 seq
1726 1704 1788 1785 )‚
1835 1721 2033 1770 tamen

422 1786 652 1866 postea,
689 1788 831 1850 teste
868 1788 1130 1849 Tremble
1098 1811 1190 1870 jo,
1224 1791 1368 1868 (αὲῐ.
1397 1790 1543 1867 angl.
1567 1789 1667 1848 vol.
1699 1807 1796 1862 50.
1825 1805 1874 1864 p.
1905 1788 2037 1866 59.)

421 1889 531 1946 pro
568 1871 884 1930 multorum
923 1873 1182 1949 capitum
1237 1872 1469 1931 animali
1521 1870 1758 1931 Corallii
1801 1870 2085 1950 stirpem

424 1951 671 2091 iaegenuotvlist
696 1948 794 2091 6(ῗὶ-
829 1950 904 2009 fic:
939 1971 1141 2010 veram
1181 1952 1348 2028 hujus
1383 1952 1685 2030 Zoophyti
1723 1951 1917 2043 icleam
1956 1952 2040 2013 as·

501 2112 700 2171 Alium
763 2112 1154 2189 antiquiorum
1197 2130 1453 2171 errorem
1507 2111 1663 2170 circa
1721 2111 2037 2174 Corallium

421 2193 781 2253 recentiores
833 2206 1230 2252 correxerunt.
1329 2193 1518 2250 Molle
1567 2211 1781 2271 nempe
1816 2195 1875 2253 in
1918 2214 2036 2254 ma-

420 2277 472 2336 ri
514 2272 627 2334 effe
681 2271 744 2333 &
785 2275 930 2334 ae‘ris
970 2274 1206 2333 demum
1246 2271 1521 2333 contacffm
1562 2272 1866 2335 durescere
1892 2276 2038 2336 olim

426 2354 716 2416 creditum
744 2353 969 2429 fuerat3
1012 2356 1094 2415 ita
1122 2371 1185 2414 ut
1212 2356 1431 2414 Ovidius
1469 2372 1597 2414 eam
1635 2375 1866 2435 quoque
1913 2377 2039 2418 mu-

428 2436 712 2498 tationem
749 2435 901 2497 inter
925 2435 1369 2524 Mejtamorphoses
1394 2437 1518 2497 suas
1548 2438 1844 2500 retulerit:

497 2596 581 2651 Sic
613 2596 675 2657 ὅ)
702 2597 973 2652 Corallium
991 2638 1008 2665 ,
1052 2615 1145 2669 quo
1166 2601 1389 2667 primum
1410 2598 1634 2669 contigit
1654 2612 1810 2652 auras

500 2689 772 2759 Tempore,
810 2688 1068 2761 durescit.
1109 2691 1406 2760 mollisfuit
1435 2703 1623 2745 HERBA
1642 2685 1760 2757 sub}
1751 2690 1940 2744 undis.

1477 2778 1736 2835 Metam.
1773 2776 1864 2832 lib.
1903 2776 2033 2834 XV.

434 2930 608 2989 Hanc
647 2950 789 2992 vero
830 2932 1170 3008 opinionem
1201 2930 1544 3010 jamdudum
1581 2887 1782 2991 falsam
1825 2926 2031 3004 depre-

433 3010 716 3071 henderat
749 3010 814 3071 &
856 3013 1256 3074 extremitates
1296 3012 1439 3073 solas
1485 3011 1634 3075 laete
1680 3005 1929 3069 tumidas
1970 3008 2037 3073 ὅτ,

435 3092 637 3152 molles
665 3092 1073 3156 observaverat
1099 3093 1404 3174 Peirefliur.
1480 3119 1485 3123 ·

513 3173 999 3236 Swammerdamius
1042 3174 1396 3240 strueturam
1411 3171 1641 3236 Corallii
1666 3215 1686 3250 ,
1751 3188 1923 3252 quam
1960 3189 2038 3232 ex
2120 3179 2121 3182 ’

1874 3251 2039 3316 siccis

2115 1110 2127 1171 ’'h-fr.
2116 1095 2127 1102 ζ
2123 1076 2126 1079 .
