2167 3612
587 158 1216 219 HYDRA.
1609 176 1687 235 529

123 297 490 378 scripserant,
521 293 756 371 Hydras
791 292 944 353 nasci
974 292 1270 372 aliquoties
1308 292 1519 372 hyeme
1555 313 1689 372 ego-

125 397 247 441 met
286 377 444 450 vidi,
490 390 554 433 ut
583 375 818 434 dubium
855 376 1096 453 amplius
1133 393 1248 434 non
1275 373 1360 434 fit.

205 460 472 538 Hydram
520 454 986 533 fimpliciffimum
1044 457 1264 516 diceres
1319 455 1579 525 animal,
1640 455 1699 513 ni
1719 463 1921 509 Proteus.

125 542 431 620 simplicius
470 537 645 597 etiam
690 535 901 614 Rceseliz‘
934 537 1206 597 industria
1253 538 1312 596 in
1343 539 1532 597 lucem
1569 554 1699 613 pro-

124 621 403 692 duxisset,
470 616 625 696 quod
665 620 839 678 Protei
864 620 1098 677 nomine
1125 618 1438 696 insignivit.
1509 617 1702 676 Mole-

120 705 246 766 cula
274 700 600 760 medullaris
633 698 746 772 est,
778 698 1217 772 substantiae‚ut
1236 700 1476 780 Hydra,
1497 699 1702 756 homo-

120 802 359 862 geneae‚
425 781 542 840 fine
581 782 693 840 ulla
731 801 1077 861 organorum
1118 797 1422 840 artuumve
1467 778 1700 858 specie,

119 865 184 924 in
223 862 385 922 omni
430 860 645 938 punfiio
692 862 1043 922 contraffilis
1084 862 1145 922 ἃ
1184 863 1242 921 in
1273 879 1704 937 omnescunque

123 944 341 1004 formas
382 942 751 1022 effingenda3
795 963 861 1004 ea
891 944 1094 1022 sponte
1126 963 1228 1022 per
1267 943 1590 1003 substantiae
1619 940 1706 998 se-

119 1025 430 1085 ceffionem
474 1026 920 1105 multiplicatur,
965 1025 1312 1102 tandemque
1348 1025 1527 1085 effusa
1577 1022 1706 1080 sub-

77 1154 79 1157 ,
122 1106 360 1177 stantia,
405 1120 531 1163 tota
575 1106 793 1167 fatiscit
830 1108 891 1165 in
936 1108 1246 1165 moleculas
1273 1151 1291 1179 ,
1345 1107 1549 1183 quibus
1588 1102 1706 1162 sca·

123 1202 248 1255 tet,
281 1204 520 1261 quaeque
551 1189 743 1262 proles
785 1187 897 1247 effe
937 1189 1231 1247 videntur.
1329 1187 1469 1253 Hoc
1496 1184 1705 1242 animal

125 1264 683 1342 adjunxit-Volvoci
710 1268 968 1322 Linnaeus
993 1311 1010 1336 ‚
1054 1286 1086 1322 a
1125 1284 1239 1340 quo
1270 1279 1467 1322 tamen
1503 1280 1706 1322 natura

120 1343 427 1415 mutabili,
498 1342 561 1403 ἃ
618 1343 1070 1422 parenchyrnate
1120 1359 1249 1403 toto
1284 1391 1300 1416 ,
1369 1343 1707 1420 Lycoperdi

119 1425 324 1499 instar,
380 1425 439 1485 in
478 1427 788 1485 moleculas
846 1424 1200 1486 effundendo
1248 1424 1545 1500 insigniter
1592 1421 1705 1480 dif-

121 1506 271 1579 fert3
337 1503 400 1566 δε
445 1508 516 1566 ad
562 1506 860 1568 obscuram
906 1505 1316 1564 molecularum
1372 1503 1704 1562 viventium

120 1587 401 1647 familiam
445 1588 655 1648 ducere
701 1589 951 1648 videtur.

199 1671 293 1729 Ab
333 1670 555 1747 Hydris
602 1670 818 1726 alienos
867 1665 1092 1742 prorsus
1142 1663 1484 1735 Brachionos,
1556 1681 1702 1741 quos

122 1751 377 1810 Linnaeus
416 1748 788 1824 adjunxerat,
843 1743 1144 1820 separavi,
1189 1741 1251 1802 &
1276 1742 1505 1802 diverso
1538 1748 1706 1821 plane

120 1833 291 1902 loco,
349 1848 520 1905 quem
558 1844 758 1883 eorum
796 1823 1015 1884 fabrica
1068 1822 1131 1883 &
1170 1823 1394 1884 indoles
1444 1826 1708 1884 indicare

121 1911 499 1978 videbantur,
545 1906 847 1965 collocavi.
906 1905 1139 1983 Species
1168 1906 1391 1983 Hydrae
1422 1926 1453 1964 a
1479 1908 1702 1965 Linnaeo

119 2010 229 2068 pro
262 1984 641 2047 varietatibus
669 1986 925 2060 habitas,
953 2007 985 2046 a
1010 1986 1228 2064 Roeselio
1263 1989 1514 2064 primum
1553 1990 1703 2048 bene

121 2070 534 2147 determinatas
589 2067 915 2147 adoptavi,
978 2088 1112 2128 cum
1170 2067 1243 2128 de
1311 2070 1487 2128 trium
1544 2070 1701 2147 prio-

120 2172 249 2212 rum
279 2148 629 2222 constantia,
658 2151 895 2229 propria
920 2169 1016 2210 me
1059 2149 1422 2227 experientia
1465 2149 1699 2211 certiffi·

121 2242 280 2293 mum
307 2231 643 2292 reddiderit.

356 2404 420 2506 ⁸1.
475 2432 883 2509 HYDRA
954 2400 1468 2509 omem-is.

217 2649 286 2718 H
306 2670 351 2718 Y
369 2673 416 2719 D
434 2671 473 2722 R
492 2676 538 2721 A
575 2675 858 2743 corpore
885 2650 1208 2741 caudato,
1262 2653 1498 2748 gryseo
1515 2699 1539 2735 ,
1577 2651 1699 2718 cir-

129 2742 260 2812 rhis
289 2746 625 2844 multoties
658 2749 1092 2842 longioribus.

268 2936 475 2990 Trembl.
499 2938 602 3005 pol.
634 2953 768 2990 mem.
804 2937 854 2992 Ι.
882 2949 938 3008 p.
979 2957 1063 2995 22.
1109 2942 1204 2996 tab.
1249 2956 1299 2994 1.
1322 2940 1375 3008 f.
1412 2912 1476 3010 ᾗ,
1511 2956 1567 3007 4.
1603 2939 1691 2991 ali-

318 3003 476 3084 bique.
547 3016 784 3086 Polypus
810 3017 1045 3072 brachiis
1069 3018 1276 3086 longis,
1316 3015 1352 3070 s.
1382 3018 1583 3071 tertius.

259 3094 441 3162 Roessl.
472 3094 570 3164 ins.
597 3094 708 3150 III.
739 3097 844 3165 pol.
874 3107 929 3167 p.
967 3113 1091 3168 ‚505-
1134 3101 1232 3190 rab.
1270 3103 1351 3167 84.
1393 3096 1513 3180 (a)
1554 3093 1690 3164 852-

1600 3204 1685 3264 87.
