2167 3612
391 250 509 312 310
787 212 1556 286 ZOOPHYTA.

397 368 548 426 Haec
573 357 855 421 stellarum
883 354 1258 437 parvitate&
1296 354 1568 416 struftura
1593 374 1627 415 a
1660 356 1989 436 vulgaribus

390 447 744 524 aliquantum
774 438 1068 499 differunt.
1154 439 1430 498 Attamen
1456 436 1635 497 facies
1654 435 1718 499 δε
1745 438 1994 500 substan·
2045 453 2055 461 ‘

394 527 480 586 tia
504 523 725 586 eadem.
768 519 1045 598 Vulgaria
1070 535 1264 580 autem
1288 519 1604 597 specimina
1629 520 1702 578 ad
1726 519 1818 578 M.
1838 523 1996 596 proli·
2116 536 2117 541 ¹

391 605 569 686 feram
617 605 699 665 ita
737 603 1020 662 accedunt
1070 615 1135 660 ut
1185 598 1310 661 fere
1347 620 1455 678 pro
1489 598 1746 678 ejusdem
1783 598 1998 678 speciei
2125 660 2134 670 ,

398 687 685 749 varietate
709 681 904 741 haberi
932 679 1161 761 poffint.
1243 680 1572 742 Similitudo
1597 696 1756 740 certe
1783 680 2001 741 summa
2104 727 2138 744 c
2166 707 2167 752 ᾗ

397 770 551 831 inter
589 781 886 841 utramque
923 762 1177 841 speciem
1214 764 1442 825 obtinet
1468 805 1493 839 ‚
1546 780 1867 842 quanquam
1915 761 2002 823 di·
2165 802 2167 823 1

403 847 778 927 stinclziffimas
805 843 1059 903 credam.
2165 832 2167 855 ¹

484 928 770 1007 Rumphius
797 924 1216 1003 Madreporam
1259 921 1541 992 nostram,
1585 923 1838 986 Malaice
1873 920 2001 984 Kal·

405 1014 603 1073 bahaar
636 1014 760 1069 butu
803 1019 1077 1069 vocatam
1105 1051 1123 1078 ,
1186 1004 1342 1065 circa
1380 1003 1750 1082 Amboynam
1803 1004 2005 1065 rariffi·
2125 1042 2137 1063 ‚‹

408 1113 505 1153 me
545 1090 797 1152 inveniri
822 1087 967 1147 dicit
994 1131 1012 1159 ‚
1065 1105 1177 1147 nec
1220 1087 1414 1164 palmo
1468 1086 1702 1149 altiores
1746 1084 2008 1146 arbuscu-
2124 1072 2139 1150 ἔ

407 1174 491 1233 las
513 1217 529 1245 ,
571 1169 797 1232 filiculis
827 1169 1068 1229 innatas.
1154 1168 1222 1228 In
1259 1168 1501 1228 Oceano
1539 1175 1684 1228 vero
1718 1165 2010 1244 Bandenses
2132 1161 2137 1179 ²

409 1254 625 1314 Insulas
661 1253 911 1313 alluente
939 1264 1056 1309 tres
1091 1268 1224 1309 cum
1251 1247 1497 1310 dimidio
1534 1245 1714 1326 pedes
1744 1248 1860 1308 alta
1883 1248 2009 1327 spe-

409 1334 627 1398 cimina
661 1346 890 1412 reperta
917 1328 1083 1391 fuiffe
1106 1328 1320 1404 refert,
1360 1328 1533 1391 instar
1572 1328 1782 1392 flabelli
1818 1329 2008 1406 plana.

410 1413 631 1487 Addit,
672 1430 879 1494 purum
903 1410 967 1472 &
1003 1412 1195 1471 album
1236 1429 1269 1470 e
1301 1410 1445 1470 mari
1484 1409 1724 1485 colligi,
1777 1408 1876 1468 sed
1907 1427 2009 1468 ex-

410 1513 631 1559 tremos
674 1511 864 1556 ramos
899 1490 1134 1563 mucoso
1171 1492 1423 1572 quodam
1460 1499 1799 1570 tegumento
1835 1487 2010 1549 vesti·

409 1596 504 1639 tos
559 1575 687 1638 effe.
725 1649 733 1657 .
794 1576 861 1634 In
918 1572 1196 1652 profundi
1245 1572 1416 1633 maris
1479 1570 1727 1649 scopulis
1784 1570 2014 1629 crescit.

410 1655 908 1721 Abundantiffime
955 1657 1017 1715 in
1063 1652 1358 1714 submersis
1406 1653 1605 1713 Infulis
1651 1652 1908 1712 Pulurona
1947 1647 2014 1711 &-

409 1740 756 1822 Rqfflngeyna
785 1758 818 1798 e
847 1735 1245 1799 Bandenfibus.

497 1819 768 1883 Confusio
817 1819 969 1897 apud
1007 1834 1238 1881 autores
1272 1817 1490 1877 summa
1527 1814 1680 1885 inter
1726 1815 1816 1873 M.
1849 1813 2015 1875 ocula-

412 1920 524 1966 tam
556 1902 619 1963 δι
645 1903 932 1979 virgineam
958 1900 1119 1981 cujus
1147 1918 1300 1961 nunc
1337 1897 1590 1977 sequitur
1616 1895 1947 1975 descriptio·

477 2101 642 2169 180.
697 2079 1417 2158 MADREPORA
1490 2104 1956 2158 VIRGINEA.

433 2259 435 2261 ’
521 2258 605 2328 Μ
623 2279 666 2327 Α
682 2277 730 2330 D
748 2277 793 2342 R
812 2275 852 2322 E
873 2273 910 2320 Ρ
933 2270 980 2320 o
998 2271 1042 2322 a
1060 2271 1104 2318 A
1155 2249 1399 2318 ramosa
1453 2245 1832 2321 dichotoma
1877 2249 2017 2321 sub-

419 2364 672 2447 striata‚
726 2360 908 2437 stellis
941 2353 1311 2427 alternatim
1345 2348 1561 2447 sparsis
1613 2354 2015 2447 prominuliS.

559 2550 713 2622 Gesn.
752 2546 848 2620 fig.
898 2548 997 2617 lap.
1040 2556 1097 2616 p.
1143 2559 1237 2613 132
1266 2545 1310 2597 b.
1355 2558 1407 2598 n.
1447 2560 1497 2598 2.
1569 2542 1860 2598 Corallium
1900 2557 2019 2598 ver·

618 2627 885 2685 rucosum.

547 2710 788 2779 Imperat.
836 2704 950 2761 ital.
998 2713 1056 2777 p.
1103 2708 1228 2771 623.
1275 2701 1366 2756 lat.
1404 2709 1463 2768 p.
1512 2705 1634 2762 809.
1719 2697 2014 2757 Corallium

542 2788 909 2930 Bozgcltgzlfnvims
953 2861 1052 2914 tab.
1090 2874 1145 2920 9.
1181 2873 1233 2910 n.
1269 2871 1321 2924 5.
1347 2856 1404 2923 f.
1433 2860 1485 2908 6.
1524 2853 1586 2915 δέ’
1616 2865 1674 2925 p.
1712 2860 1834 2925 256.
1906 2855 2012 2912 CO-

604 2943 814 2998 rallium
842 2937 1129 2996 fistulosum
1157 2936 1427 3007 Imperati.

544 3021 725 3077 Petico.
756 3037 875 3093 gaz.
918 3023 1015 3073 tab.
1056 3025 1140 3089 76.
1164 3017 1220 3082 f.
1261 3024 1310 3075 8.
1382 3013 1672 3070 Corallium
1703 3013 1877 3067 album
1901 3023 2007 3063 ma·

603 3099 684 3167 jus
695 3134 717 3163 ,
746 3097 1016 3154 stellatum
1045 3100 1096 3152 δι
1119 3096 1396 3151 radiatum.

549 3177 787 3245 Tournef.
827 3177 1033 3248 inffispi
1071 3191 1193 3247 573.
1264 3175 1594 3244 Madrepora
1625 3169 1873 3241 vulgaris.

1803 3256 2009 3324 Marstl.
