2167 3612
451 216 564 258 110
869 188 1620 251 ZOOPHYTA.

444 325 784 406 rigidiores,
811 337 875 382 ut
887 323 943 382 S.
969 319 1168 399 Thuja,
1195 325 1589 404 Myriophyllum
1607 370 1622 398 ‚
1651 339 1857 405 atque,
1877 327 2035 389 adul-

444 424 554 484 tae,
592 407 871 484 subnigrae
905 403 1120 462 truncis
1144 401 1253 464 suis
1280 406 1457 479 fiunt,
1498 406 1587 466 uti
1613 408 1830 467 eaedem
1854 405 2035 487 'atque

444 491 503 547 8.
523 506 668 565 cupre
714 506 837 557 rna,
854 484 1085 562 semera.
1111 483 1319 559 Tota,
1349 487 1670 565 antiquior,
1699 506 1772 546 ex
1792 489 2033 551 obscure

441 569 675 650 grysea‚
722 569 896 645 qualis
915 566 1112 643 junior
1138 564 1363 640 fuerat,
1404 569 1471 628 fit
1507 569 1670 646 nigra
1709 570 1765 628 S.
1804 569 2032 648 longiffi·

441 672 545 710 ma.
629 647 923 707 Naturalis
975 644 1056 705 est
1099 647 1259 707 color
1294 649 1456 728 niger
1501 647 1706 708 tubulis
1747 652 1805 708 8.
1834 654 2030 727 mgna,

442 733 540 810 qui
581 745 856 808 praeterea
890 746 965 787 ex
1002 742 1197 788 tenera
1220 774 1238 803 ,
1278 729 1584 790 siccatione
1619 728 1812 809 fragili
1848 750 2032 791 mem·

441 817 617 873 brana
664 808 799 868 faci-‘ti
835 808 1125 867 videntur.
1231 812 1453 889 Aliquae
1505 811 1689 890 magis
1740 811 1812 870 ad
1847 813 2032 871 coria-

442 912 608 952 ceam
633 906 892 950 naturam
923 889 1235 965 accedunt,
1278 891 1619 970 pallidaeque
1656 891 1815 966 sunt,
1869 907 1933 951 ut
1973 893 2032 953 S.

427 974 676 1051 filleina,
719 972 1125 1050 myriophyllmn.
1232 973 1358 1033 Imo
1399 970 1525 1032 fere
1569 973 1898 1051 gelatinosae
1958 973 2035 1032 al·
2133 1039 2139 1043 ,

444 1056 705 1131 bidaeque
749 1054 876 1111 sunt
915 1055 970 1110 S.
1011 1052 1326 1132 gelatinosa,
1365 1054 1703 1130 geniculata,
1745 1054 2034 1114 trichoides.

185 1169 350 1216 sertus.
523 1131 784 1210 Divisw·ae
805 1133 1125 1194 Sertulariis
1157 1133 1528 1194 solemni-ores
1554 1134 1791 1211 pinnata
1816 1134 1897 1193 est
1913 1180 1929 1206 ‚
1955 1149 2038 1193 at·

189 1232 407 1294 cirvfstcra.
441 1234 553 1294 que
613 1212 968 1274 dichotoma.
1064 1215 1322 1275 Priorem
1386 1215 1670 1291 pleraeque
1731 1212 2041 1288 affetfftant,

441 1295 665 1377 parcius
698 1293 1034 1353 observatur
1063 1297 1258 1354 altera.
1343 1294 1431 1353 Ex
1459 1293 1909 1354 caulescentibus
1939 1295 2042 1355 ali-

439 1397 565 1455 quae
592 1375 896 1452 singulares
931 1375 1093 1448 sunt3
1149 1374 1224 1433 fic
1249 1374 1595 1433 verticillata
1631 1376 1685 1432 S.
1716 1379 2038 1446 antennina,

441 1453 669 1517 ramulis
697 1454 1049 1514 dichotomis
1080 1455 1418 1532 paniculatae
1458 1455 1514 1513 S.
1559 1453 1760 1532 Thuja,
1801 1453 2040 1534 cuprqffi-

442 1558 530 1598 na.
632 1534 857 1613 Aliquae
903 1534 1129 1612 sparsim
1189 1537 1519 1613 alterneque
1568 1534 1803 1595 ramosae
1854 1534 2045 1597 obser-

446 1632 675 1679 vantur.

190 1707 404 1756 Medulla
527 1699 622 1757 Sic
648 1693 973 1756 constitutae
999 1696 1296 1755 Sertulariae
1318 1695 1446 1756 sunt
1471 1695 1620 1773 quasi
1650 1697 1902 1759 sceleton
1929 1698 2049 1759 ani·

191 1773 419 1819 animalis.
451 1781 631 1841 maliS.
714 1776 822 1836 Uti
848 1777 909 1835 in
935 1776 1168 1837 Inseffls
1201 1797 1445 1855 nempe,
1489 1778 1639 1837 intra
1676 1798 1914 1838 corneas
1949 1800 2048 1840 va-

447 1862 642 1940 ginaS,
706 1857 905 1917 offium
943 1857 1292 1917 succedanea
1319 1902 1336 1929 ,
1394 1858 1767 1918 continentur
1791 1859 1892 1920 hic
1918 1879 2047 1938 par-

447 1959 535 2003 tes
561 1940 783 1999 molleS.
865 1936 1128 1997 Medulla
1162 1937 1222 1996 in
1256 1937 1406 1996 tubis
1442 1938 2047 2018 Sertulariarumprae-
2077 1996 2082 2001 ,

449 2024 609 2093 sens;
636 2038 736 2098 per
762 2033 947 2077 totam
973 2015 1205 2094 stirpem
1230 2017 1508 2076 continua
1526 2062 1542 2087 ‚
1586 2015 1816 2095 aspeeta
1840 2020 2055 2079 homo-

449 2121 666 2183 genea,
710 2099 1014 2158 evidenter
1054 2100 1227 2169 viva,
1282 2117 1385 2174 per
1425 2098 1710 2175 calyculos
1750 2098 1844 2158 seu
1871 2119 2047 2176 poros

449 2196 758 2242 coronatos
796 2179 960 2255 supra
1007 2193 1493 2237 commemoratos
1534 2178 1783 2254 capitula
1817 2180 1911 2239 sua
1949 2199 2048 2240 ex-

447 2264 616 2335 serit,
673 2259 878 2321 cirrhis
926 2258 1148 2318 tenellis
1203 2257 1420 2318 stellata
1491 2256 1553 2318 &
1605 2259 2048 2338 Hydrasaqua-

447 2364 575 2404 rum
623 2343 875 2402 dulcium
916 2339 1100 2417 figura
1172 2337 1500 2399 referentia.
1601 2341 1750 2400 Haec
1797 2340 2050 2420 capitula.

448 2427 509 2492 in
546 2423 768 2483 recenti
810 2421 1149 2491 Sertularia,
1198 2435 1490 2498 utcunque
1522 2421 1778 2494 turbata,
1818 2430 2049 2481 contra·

448 2506 662 2565 huntur
687 2505 860 2580 inque
891 2501 1178 2579 calyculos
1204 2499 1319 2559 sese
1345 2502 1662 2578 recipiunt,
1705 2503 1799 2560 vel
1835 2503 1896 2560 in
1926 2502 2050 2562 uni-

450 2585 621 2647 verso
666 2583 824 2643 simul
880 2601 1076 2654 raum,
1115 2582 1235 2641 imo
1273 2579 1482 2658 stirpe,
1523 2580 1617 2638 vel
1660 2579 1873 2660 lingula
1914 2602 2050 2660 pro-

451 2668 576 2746 pria
613 2667 930 2727 voluntate.
1039 2662 1357 2740 Torpidius
1406 2677 1598 2720 tamen
1653 2662 1713 2720 in
1760 2663 2050 2741 plerisque

451 2747 763 2825 speciebus
797 2759 992 2805 motus
1027 2743 1222 2806 vitalis
1263 2741 1539 2804 exseritur
1563 2786 1580 2815 ,
1630 2761 1798 2820 quam
1835 2743 1896 2803 in
1936 2746 2049 2821 Hy·-

452 2832 557 2886 dtis
595 2844 693 2886 aut
732 2825 1049 2886 Tubulariis.
1430 2876 1439 2890 ,,
1829 2850 1832 2853 ’

191 2942 358 2995 sertui.
535 2909 834 2969 Servulariae
890 2907 992 2967 vix
1042 2926 1160 2969 non
1210 2924 1411 2967 omnes
1439 2949 1456 2978 ‚
1531 2923 1716 2965 verno
1763 2902 2047 2980 imprimis

193 3012 364 3059 avaria.
455 3002 752 3065 tempore,
792 2985 1037 3062 veficulas
1063 2989 1410 3068 peculiareS‚
1452 3005 1486 3046 a
1524 2983 2050 3065 calyculispolypi·

451 3066 611 3128 floris
650 3067 711 3127 in
758 3058 1023 3129 omnibus
1063 3068 1358 3145 (excepta
1395 3069 1451 3129 S.
1489 3064 1710 3142 rugosa)
1753 3062 2048 3124 diverfiffi-

450 3167 602 3223 mas,
641 3146 960 3226 proferunt.
999 3206 1002 3210 ,
1039 3150 1198 3212 Haec
1234 3146 1556 3209 Sertulariis
1594 3142 1836 3223 propria
1881 3161 2063 3224 erga...

1977 3243 2056 3289 na
