2167 3612
484 252 604 317 '5268
845 229 1637 304 .‘200P'HY'TA:

473 383 701 465 optima
725 377 957 460 quidem
995 375 1179 448 acies,
1218 376 1372 436 lente
1409 376 1584 437 etiam
1618 376 1812 456 adjuta
1834 422 1851 452 ,
1904 377 2065 438 dete*

470 469 611 549 giu·
677 464 788 523 Pro
827 476 989 519 mero
1029 475 1189 534 aquae
1226 459 1458 518 marinae
1498 456 1819 517 sedimento
1863 458 2060 521 haberi

468 545 689 629 posset,
733 541 835 602 nis1
870 537 1132 617 inaequali
1171 539 1411 599 craffitie
1450 539 1508 599 in
1542 537 1750 599 iisdem
1791 537 1946 615 saepe.
1974 531 2059 598 lo-

470 631 555 690 cis
581 623 958 705 reperiretur,
1002 618 1065 678 &
1090 619 1411 681 Lichenum
1435 619 1787 699 leprosorum
1815 619 2058 694 adinstar

463 707 790 770 undulatim
827 700 944 760 sese
979 700 1349 761 diffunderet.
1374 735 1452 745 —-
1495 703 1702 760 Borlace
1729 699 1915 760 credit
1940 721 2058 762 ma-

461 792 702 857 teriam,
749 802 783 842 e
819 801 928 860 qua
967 783 1210 841 Corallia
1248 780 1312 857 ὃς
1347 781 1593 842 testacea
1629 781 2059 860 producuntur,

462 874 525 933 in
560 885 701 945 aqua
740 863 910 923 maris
945 862 1232 921 abundare
1259 907 1277 933 ,
1342 862 1936 940 spatoso-argillosam
1962 910 1978 937 ,
2023 885 2058 924 e

461 947 704 1011 terrenis
730 943 916 1005 stratis
944 941 1110 1005 fundi
1141 940 1313 1001 maris
1338 943 1551 1000 elotam
1568 986 1585 1014 ,
1626 957 1723 1000 aut
1749 962 2060 1022 corporum

458 1029 816 1093 marinorum
865 1023 1304 1103 depereuntium
1353 1020 1719 1082 diss‘olutione
1765 1041 1923 1101 aquae
1962 1025 2060 1085 ad-

453 1112 719 1173 mixtam.
826 1106 1019 1184 Hujus
1062 1105 1281 1164 virtute
1329 1103 1504 1163 maris
1565 1094 1824 1181 spumam
1876 1126 2062 1168 arenae

449 1192 704 1253 littoreae
744 1184 923 1246 modo
962 1184 1364 1256 fertilitatem,
1416 1184 1598 1244 modo
1639 1183 1921 1261 lapideam
1957 1187 2060 1246 du·
2095 1212 2098 1213 ⁷

450 1272 650 1334 ritiem
690 1266 1002 1328 conciliare
1039 1267 1202 1328 dicit.
1296 1265 1593 1339 Eandem,
1661 1265 1760 1340 ubi
1805 1266 2060 1327 abundat

453 1351 524 1413 ἃ
557 1346 944 1429 Ροηόετεΐιιο
971 1347 1245 1420 subsidet,
1302 1346 1467 1406 fundi
1507 1346 1680 1405 maris
1705 1344 1898 1421 quieta
1932 1338 2061 1407 loca

459 1430 816 1511 aequabiliter
862 1425 1169 1494 incrustare
1221 1441 1421 1506 putat,
1487 1441 1585 1486 aut
1635 1424 1787 1486 circa
1835 1427 2058 1506 plantas

456 1513 648 1576 varias
698 1509 940 1587 colligi,
980 1509 1326 1574 accumulari
1363 1504 1426 1566 δε
1472 1507 1693 1566 cortice
1727 1506 2058 1585 Gorgonias

459 1609 634 1673 atque
672 1593 860 1652 Fucos
895 1587 1140 1659 vestire,
1193 1588 1547 1647 animalculis
1582 1588 1750 1649 nidos
1800 1589 2059 1666 praeben-

458 1691 619 1749 tem3
676 1691 882 1741 verum
918 1670 1016 1731 ubi
1060 1668 1345 1740 subsedit,
1399 1668 1718 1747 agitatione
1779 1666 2058 1728 undarum

456 1759 523 1822 in
560 1753 950 1818 lichenoidem
994 1749 1245 1811 formam
1284 1746 1511 1826 effingi,
1569 1764 1667 1808 aut
1707 1750 1768 1809 in
1812 1749 2058 1809 ramosas

459 1838 626 1900 varie
652 1835 864 1916 figuras
890 1832 1127 1893 tornati.
1212 1832 1308 1892 An
1347 1829 1654 1892 sectatores
1690 1829 1954 1895 habitura
1991 1829 2059 1907 fit

457 1920 590 1981 haec
618 1917 936 1988 sententia,
978 1934 1096 1987 non
1133 1913 1399 1975 dixerim.
1697 1934 1702 1939 ⁸

544 1999 682 2057 Huc
717 1995 949 2054 videtur
986 1993 1190 2052 referri
1239 1991 1400 2070 poffe
1435 1991 1717 2052 famosum
1754 1993 1816 2052 in
1855 1993 2057 2072 Belgio

460 2082 893 2143 INCRUSTATUM
940 2074 1374 2144 ΒΑΚΑΝῙΕΝεε,
1449 2072 1523 2129 de
1573 2072 1733 2148 cujus
1786 2072 2058 2146 historia,

459 2158 737 2240 quicquid
777 2156 1070 2230 hucusque
1096 2152 1344 2227 collegi,
1387 2150 1484 2210 hic
1521 2151 1777 2211 breviter
1813 2152 2054 2213 tradam.

457 2243 528 2300 In
556 2235 833 2314 P-eninsula
858 2235 1128 2291 Voornana
1164 2231 1235 2290 ad
1259 2233 1475 2309 Pagum
1512 2230 1752 2309 Rakanje
1783 2231 1865 2292 est
1902 2234 2056 2293 lacus

460 2320 526 2382 in
558 2316 980 2398 longitudinem
1006 2311 1302 2386 extensus,
1346 2329 1517 2389 quem
1556 2330 1629 2371 ex
1665 2313 1872 2371 obruto
1908 2316 2056 2374 anti-

469 2402 666 2481 quitus
716 2396 779 2458 &
820 2396 1015 2456 deleto
1051 2393 1301 2475 quodam
1353 2391 1541 2471 Mosae
1589 2390 1736 2452 ostio
1775 2392 2056 2471 supereffe

465 2483 713 2550 dicunt,
767 2477 1008 2558 quique,
1071 2475 1273 2535 nullibi
1320 2470 1662 2553 orgyafere
1712 2473 2059 2550 profundior

465 2561 616 2626 mihi
642 2559 827 2632 visu8,
880 2558 1054 2618 variae
1087 2556 1282 2635 paffim
1320 2553 1636 2615 latitudinis
1669 2554 1749 2613 est
1788 2553 1851 2614 &
1875 2557 1946 2614 ab
1976 2556 2057 2616 A·

467 2641 728 2724 quilonio
759 2641 939 2701 latere
977 2637 1175 2699 versus
1213 2635 1481 2697 Africum
1505 2634 1630 2694 fere
1675 2634 1881 2698 tendit.
1923 2637 2056 2697 Fos-

467 2727 544 2786 sae
583 2734 879 2804 pratorum
906 2720 1165 2798 plurimae
1201 2718 1261 2779 in
1297 2715 1452 2778 hunc
1482 2716 1667 2795 lacum
1692 2715 1808 2776 sese
1840 2737 2053 2778 exone·

472 2820 605 2867 rant
621 2848 638 2879 ‚
654 2803 814 2881 cujus
832 2799 1193 2861 nihilosecius
1218 2819 1360 2878 aqua
1375 2811 1584 2877 praeter
1597 2796 1853 2858 colorem
1867 2797 1901 2856 s
1893 2799 2055 2873 ubvi-

472 2886 662 2947 tidem
677 2931 695 2959 ,
711 2883 915 2946 marini
931 2882 1197 2942 aemulum
1213 2927 1229 2954 ‚
1245 2881 1488 2959 aliquam
1503 2875 1832 2940 salsedinem
1857 2879 2051 2941 etiam·

474 2983 614 3026 num
638 2965 856 3037 servat,
886 2962 1140 3024 maxime
1165 2959 1358 3022 aestate
1382 2959 1687 3039 insignem,
1715 2979 1845 3021 cum
1893 2975 2049 3036 aquae

476 3044 668 3106 minus
706 3045 941 3126 copiose
974 3064 1047 3104 ex
1095 3043 1272 3122 pratis
1325 3039 1594 3114 affluunt,
1649 3059 1773 3120 quae
1808 3039 2048 3119 hyeme,

476 3125 579 3186 ubi
605 3125 892 3185 abundant
910 3171 926 3198 ‚
969 3124 1265 3185 cataractis
1297 3123 1359 3184 in
1386 3120 1615 3182 Mosam
1641 3121 1815 3200 ipsam
1844 3135 2053 3176 exone·

480 3219 694 3279 ramur.
798 3205 1059 3266 Fundam
1096 3188 1390 3284 fabulosum
1445 3200 1643 3267 inveni
1668 3244 1686 3276 ,
1750 3198 1927 3260 humo
1955 3216 2053 3288 ex
2101 3262 2109 3268 ⁵

1879 3291 2058 3358 Ρῖὸῑῑδ
