2167 3612
356 232 474 293 4m
718 201 1549 291 ‘zooPHYTa

351 347 484 415 det;
513 339 705 421 pabuli
734 339 888 400 enim
907 335 969 398 &
994 351 1164 416 potus
1187 338 1247 398 in
1268 339 1589 400 ventriculo
1615 341 1825 420 equino
1849 354 1951 405 na*

347 440 533 484 turam
564 420 622 481 ἃ
652 419 1243 498 frigiditatammulta
1267 420 1422 499 poss'e
1449 422 1574 501 quis
1601 422 1842 485 dubitat.
1868 457 1947 469 --

346 504 615 569 Taeniam
633 503 691 563 in
710 499 1133 579 Gasterosteorum
1164 503 1482 579 vulgarium
1513 523 1661 563 cavo
1687 506 1949 565 abdomi-

343 606 419 647 ne
445 584 880 664 reperiundam,
917 580 1317 660 hincquoque
1348 584 1419 642 ad
1445 583 1521 643 T.
1554 586 1713 645 latam
1741 583 1948 646 referri

341 668 556 728 debere
579 666 752 724 credo
771 707 788 734 ‚
830 662 1093 741 quamvis
1121 662 1329 740 capitis
1358 665 1517 724 omni
1554 665 1744 742 specie
1780 663 1948 725 desti-

342 763 470 809 tuta
482 743 881 808 sit&exsucca
899 791 912 810 ,
935 756 1142 820 utpote
1164 743 1223 801 in
1249 744 1472 819 parvuli
1501 743 1758 807 &macri
1782 745 1950 825 pisci-

343 829 459 894 culi
485 828 614 886 alvo
644 824 793 888 male
830 822 1002 901 pasta.
1052 825 1062 833 ”
1089 822 1273 884 Hanc
1309 822 1369 880 in
1401 821 1776 891 Gasterosteis
1814 826 1952 892 satis

339 909 706 986 frequentem
753 904 1022 964 Taeniarn
1088 922 1262 982 quare
1300 909 1440 961 cum
1484 901 1712 980 Fasciola
1750 909 1950 982 hepati-

344 1002 441 1061 εα,
485 1004 610 1065 quae
641 1006 780 1045 vere
813 1004 884 1046 ex
917 1004 1060 1062 aqua
1092 984 1379 1062 originem
1412 982 1603 1058 ducit,
1646 1000 1775 1044 toto
1805 988 1952 1047 coelo

344 1068 574 1130 diverso
590 1067 824 1126 animali
851 1064 1225 1146 conjunxerit
1249 1065 1337 1124 Ill.
1359 1063 1602 1124 Linnaeus
1618 1084 1735 1124 non
1754 1068 1956 1126 conci·

344 1152 462 1230 pio.
492 1150 709 1209 Pariter
731 1148 1019 1225 paradoxa
1033 1145 1179 1207 mihi
1195 1145 1420 1224 semper
1433 1145 1651 1207 visaest
1665 1145 1957 1207 distinetio

341 1234 412 1291 ab
436 1232 641 1302 eodem
667 1228 817 1299 facita
834 1277 847 1301 ,
866 1230 1017 1297 inter
1033 1227 1303 1308 Ascurides
1331 1229 1717 1293 lumbricoideas
1732 1270 1773 1303 ,,
1797 1226 1957 1309 (ψεε,

340 1313 471 1374 sunt
493 1311 619 1374 veri
649 1311 1022 1370 Medicorum
1052 1309 1380 1381 Lmnbrki,
1428 1307 1590 1374 omni
1623 1308 1806 1370 ferme
1835 1308 1957 1369 ani·

341 1392 581 1463 malium
616 1391 816 1473 generi
844 1390 1033 1452 infesti
1057 1389 1117 1451 ὅ(
1165 1411 1271 1469 pro
1311 1391 1507 1469 Ligula
1544 1387 1726 1451 canum
1771 1409 1803 1449 a
1834 1389 1958 1460 Pla-

340 1488 448 1543 tero
482 1490 802 1535 memorata
830 1473 1134 1533 certiffime
1161 1474 1412 1532 habendi
1427 1471 1475 1548 ‚)
1521 1469 1584 1531 ἃ
1631 1470 1959 1547 Lambriczim

343 1554 719 1634 itztestinalem,
765 1575 932 1634 quern
962 1573 1205 1613 numero
1233 1554 1574 1616 annulorum
1598 1552 1665 1633 ¹&
1691 1553 1962 1638 asperim..

343 1640 498 1699 tibus
527 1659 660 1699 cum
689 1635 942 1707 terrestri
968 1637 1288 1697 convenire
1315 1636 1510 1696 tradit.
1597 1636 1690 1695 An
1729 1639 1787 1695 in
1815 1635 1955 1694 Sue·

343 1722 435 1781 cia
464 1720 677 1798 duplex
716 1719 1003 1779 vermium
1041 1718 1313 1785 teretium
1353 1737 1532 1796 genus
1561 1714 1828 1781 homines
1873 1715 1959 1781 in-

346 1801 517 1864 festat
542 1806 572 1861 ⁶?
656 1803 719 1860 In
770 1799 1035 1859 universa
1089 1801 1307 1878 reliqua
1363 1800 1593 1878 Europa
1675 1799 1788 1860 sola
1854 1814 1964 1876 pro

346 1884 666 1951 Lumbrico
712 1882 884 1941 tereti
931 1880 1172 1941 medicis
1213 1880 1376 1941 venit
1423 1880 1632 1958 Ascuris
1673 1879 1966 1945 lumbricoi-

353 1966 475 2034 aes;
518 1963 576 2020 in
614 1962 1047 2034 innumerisque
1075 1978 1356 2036 praeterea
1381 1962 1717 2025 animalibus
1756 1960 1964 2025 eadem

356 2042 693 2113 observatur
722 2085 735 2107 ,
778 2038 1178 2113 magnitudine
1212 2044 1445 2113 quidem
1481 2063 1589 2116 pro
1630 2041 1965 2116 animalium

356 2125 513 2189 mole
546 2118 607 2189 ἃ
633 2117 972 2177 nutrimenti
1007 2117 1350 2175 conditione
1387 2118 1643 2190 diversa,
1688 2119 1965 2185 struant-a

355 2223 501 2265 vero
562 2214 928 2260 externarum
982 2196 1194 2277 pariter
1232 2211 1404 2273 atque
1443 2197 1794 2256 internarum
1834 2218 1961 2274 par-

359 2285 506 2355 tium
550 2278 878 2349 constanter
934 2296 1044 2342 una
1109 2274 1171 2335 &
1206 2295 1239 2340 a
1298 2278 1595 2337 Lumbi-icis
1645 2275 1964 2354 terrestribus

359 2366 521 2428 omni
546 2359 805 2439 respefitu
834 2356 1314 2419 diverfiffima.—
1337 2358 1529 2418 Etiam
1560 2379 1752 2423 veram
1796 2362 1954 2435 Asca·
2047 2407 2051 2410 .

357 2448 517 2511 ridem
566 2445 854 2521 pollicarem
882 2486 899 2512 ‚
954 2439 1263 2518 (acumine
1305 2441 1535 2507 alterius
1571 2440 1960 2508 extremitatis

361 2527 627 2599 aciculari
646 2572 660 2595 ‚
688 2543 721 2592 a
747 2543 848 2581 van
879 2521 1103 2592 Phelsum
1133 2540 1238 2598 pro
1264 2521 1443 2588 cauda
1469 2541 1773 2601 perperam
1798 2521 1959 2581 habi·

363 2629 428 2674 to
471 2608 805 2687 singularem
863 2599 926 2662 &
980 2603 1036 2662 in
1090 2601 1265 2679 Equis
1323 2602 1393 2669 ad
1448 2602 1964 2683 sesquipollicarem

362 2687 823 2770 magnitudinem
874 2684 1301 2749 excrescentem
1329 2729 1345 2756 ‚
1410 2703 1543 2744 cum
1577 2686 1636 2744 in
1677 2684 1965 2762 plerisque

365 2771 732 2843 animalibUS‚
780 2786 908 2843 quae
944 2763 1205 2836 infestat,
1250 2765 1487 2825 homine
1512 2809 1530 2838 ‚
1572 2766 1798 2844 gallinis
1846 2779 1966 2830 cet.

366 2856 472 2915 vix
514 2847 901 2911 transversum
933 2846 1181 2925 digitum
1219 2843 1482 2926 aequet‚)
1520 2848 1617 2926 qui
1655 2846 1838 2919 mihi,
1881 2847 1965 2906 in-

369 2954 570 3017 quam,
617 2949 811 2988 veram
838 2929 1011 2987 talem
1039 2929 1097 2987 in
1126 2927 1303 2987 humo
1329 2942 1426 2987 aut
1453 2929 1613 3008 aquis
1662 2931 1966 2991 viventem,

341 3010 804 3081 ·1n0nstraverit‚
847 3005 1105 3087 magnus‘
1125 3008 1236 3067 erit
1277 3009 1505 3087 Apollo.
1598 3008 1966 3074 Vermiculos

372 3095 691 3158 muscarum
729 3088 1185 3148 ascaridiformes
1230 3090 1289 3157 in
1327 3090 1506 3148 humo
1544 3091 1810 3152 viventes
1856 3104 1964 3163 pro¹

375 3174 710 3238 Ascaridum
729 3169 1136 3239 intestinalium
1148 3170 1584 3250 consanguineis
1601 3165 1851 3307 habtgss'e
1866 3162 1966 3223 'vi-

1768 3259 1966 3320 entur,
