2167 3612
498 247 1332 316 MADREPORA.
1603 265 1717 328 ηῖ

123 389 426 468 :superficie
442 389 725 450 anfraEtus
741 384 1024 448 stellarum
1043 382 1557 462 contortuplicatos
1573 401 1714 442 con-

125 472 431 549 tiguosque
458 466 767 538 exhibet&
795 487 927 527 cum
952 469 1008 529 in
1029 464 1221 527 medio
1235 463 1474 524 craffitie
1495 463 1712 522 crescat

125 553 344 611 ambitu
360 568 557 611 autern*
583 550 787 609 lentius
815 550 1081 610 dilatetur
1095 593 1111 620 ,
1129 546 1187 606 in
1204 543 1710 619 haernisphaericam

119 634 455 708 plerumque
507 644 602 689 aut
641 649 965 689 convexam
1013 630 1258 689 formam
1293 623 1498 685 tendit.
1584 624 1709 681 Has

118 713 499 787 Madreporas
529 712 648 768 Hz'll
683 708 744 769 ἃ
774 712 984 770 Browne
1012 714 1299 769 MYcr-:mA
1327 703 1704 785 appellarunt.

193 790 497 850 Subsimilis
567 791 647 851 est
722 793 1204 870 Madreporarum
1274 799 1707 865 aggregaturum,
1741 831 1781 876 3·
1795 818 1867 865 M·
1894 836 1971 882 ⁰30

114 888 286 951 prout
306 890 338 927 a
368 871 580 931 Linnaeo
615 892 842 958 quoque
883 889 1196 937 vocantur.
1240 868 1389 947 apud
1418 868 1709 925 Brownium
1734 893 1952 945 greg-aze.

112 957 374 1012 Asrasffl
403 953 639 1011 nomine
665 952 1003 1013 donatarum
1040 951 1102 1011 &
1131 952 1227 1009 sub
1254 948 1508 1027 generali
1538 947 1714 1023 vulgo

112 1032 461 1111 Astroitarum
476 1032 950 1094 denominatione
965 1033 1324 1094 venientium
1341 1028 1509 1087 rati0.
1535 1027 1598 1085 N
1604 1045 1679 1084 on
1696 1070 1714 1099 ‚

113 1116 200 1174 uti
256 1114 589 1192 Peyffonellus
640 1116 777 1189 (αὲἶ.
821 1117 964 1192 angl.
1024 1116 1124 1173 vol.
1167 1132 1259 1181 42.
1300 1126 1406 1168 art.
1450 1127 1543 1182 75.
1585 1125 1713 1185 paga

109 1193 292 1273 467.)
338 1195 600 1274 putavit,
657 1214 727 1255 ex
770 1196 1048 1274 gregariis
1094 1191 1323 1271 polypis
1363 1190 1459 1249 seu
1498 1189 1719 1265 glome-

110 1276 285 1335 ratim
313 1275 583 1351 depolitis
609 1276 795 1334 ovulis
825 1277 916 1335 hae
960 1278 1123 1334 fiunt.
1206 1270 1590 1330 Primordium
1633 1267 1716 1326 est

116 1355 274 1413 stella
304 1354 510 1410 itidem
532 1354 815 1424 solitaria,
869 1374 994 1430 quae
1047 1353 1236 1430 primo
1265 1349 1593 1407 rverruculae
1632 1349 1718 1406 in·

115 1434 226 1494 star
262 1432 497 1490 marinis
525 1433 864 1509 corporibus
898 1432 1174 1493 accrescit
1214 1428 1276 1490 ἃ
1319 1427 1479 1489 ειυᾶα
1516 1432 1719 1487 latera-

109 1517 192 1575 les
243 1528 480 1593 generat
529 1515 736 1591 proles.
820 1515 938 1573 Hae
988 1513 1164 1573 modo
1204 1510 1375 1573 instar
1432 1523 1724 1568 ramorum

117 1596 462 1665 ascendunt,
508 1611 570 1653 ut
596 1595 656 1656 in
675 1597 761 1653 M.
779 1592 1400 1674 flexuosa&obscurius
1429 1592 1489 1650 in
1516 1588 1716 1666 aliqui-

117 1679 221 1738 bus
250 1674 608 1735 astroitarum
624 1675 919 1753 speciebus
936 1690 1175 1754 apparet
1192 1694 1210 1746 3
1234 1672 1410 1731 modo
1427 1669 1719 1748 contiguae

118 1758 354 1836 quidem
397 1757 609 1826 matri,
661 1772 722 1815 at
754 1757 1013 1816 discretae
1066 1772 1258 1814 tamen
1291 1752 1713 1813 observantur:

119 1840 345 1915 semper
399 1853 589 1895 autem
645 1855 824 1897 novas
871 1838 1061 1897 denuo
1113 1836 1300 1914 proles
1352 1833 1571 1912 agmini
1624 1831 1724 1889 ad-

121 1919 301 1990 dunt,
358 1916 511 1975 unde
549 1918 810 1977 oriuntur
862 1918 1061 1977 crustae
1112 1915 1302 1994 primo
1343 1932 1624 1973 convexae
1657 1910 1722 1971 δε

123 1997 358 2058 tandem
410 1997 861 2074 hemisphaericae
893 2042 908 2067 ‚
977 1999 1184 2055 mediis
1245 1995 1420 2054 stellis
1474 1993 1724 2052 adultio-

117 2080 273 2139 ribus
314 2079 374 2136 in
414 2078 705 2153 cylindros
744 2076 1195 2156 affurgentibuS‚
1247 2077 1386 2135 dum
1438 2093 1608 2134 novae
1663 2075 1724 2133 in

120 2158 342 2221 ambitu
394 2159 586 2236 proles
640 2158 830 2219 adhuc
892 2159 1102 2219 cotulae
1166 2176 1368 2234 parum
1418 2155 1725 2231 profundae

120 2239 374 2319 speciem
419 2237 668 2299 servant.
769 2240 994 2297 Harum
1031 2238 1225 2314 itaque
1266 2236 1552 2311 pleraeque
1602 2252 1728 2292 cre-

120 2319 318 2380 scendi
373 2320 552 2380 modo
629 2317 692 2378 &
750 2316 1025 2377 struftura
1077 2320 1340 2394 Alcyoniis
1401 2312 1729 2392 difformibus

26 2408 32 2413 “
117 2399 422 2460 fimillimae
450 2401 849 2477 reperiuntur3
914 2400 1117 2477 quibus
1155 2397 1218 2457 ἃ
1251 2398 1321 2456 ab
1360 2392 1538 2469 Ellisto
1566 2412 1727 2453 com-

122 2496 337 2560 paratae
384 2479 647 2553 fuerunt,
692 2480 836 2559 (ast.
879 2483 1024 2556 angl.
1068 2482 1170 2538 vol.
1214 2496 1311 2555 53.
1353 2495 1403 2557 p.
1449 2473 1653 2552 432.)

206 2563 296 2626 EX
340 2561 713 2640 Madreporis
755 2562 1080 2640 aggregatis
1120 2580 1203 2620 eae
1249 2562 1307 2619 in
1350 2558 1554 2636 quibus
1591 2558 1777 2615 late-s.

124 2642 268 2701 rales
305 2642 496 2718 proles
523 2660 638 2702 non
677 2662 966 2701 ramorum
1006 2643 1183 2701 modo
1221 2661 1254 2699 e
1292 2641 1567 2699 matribus
1598 2656 1731 2715 pro-

128 2722 339 2792 deunt,
366 2722 464 2781 sed
506 2725 768 2802 margine
794 2722 1114 2793 accedunt,
1151 2723 1236 2782 uti
1258 2724 1502 2798 Alcyonia
1535 2718 1730 2796 crusta-

130 2822 260 2873 cea,
329 2821 403 2861 ex
453 2802 759 2864 substantia
807 2804 925 2864 sese
971 2803 1337 2864 diffundente
1401 2798 1582 2858 stella-s
1646 2801 1733 2859 vi·

131 2883 342 2942 dentur
389 2901 816 2962 progenerare,
885 2904 989 2962 per
1027 2879 1506 2944 efflorescentiam
1559 2900 1733 2958 quan·

131 2965 282 3024 dam.
404 2965 631 3023 Dantur
683 2965 840 3023 enim
893 2964 1164 3023 latiffimae
1217 2982 1410 3022 earum
1464 2964 1736 3033 laminae,

114 3044 279 3109 fadeo
319 3043 544 3122 exiguae
580 3045 880 3116 crassitiei,
941 3060 1009 3102 ut
1047 3045 1530 3122 prolific-ationem
1553 3062 1740 3102 ramo-

133 3125 251 3184 sam
282 3123 378 3189 hic
404 3144 520 3185 non
556 3128 747 3185 locum
782 3123 1035 3185 habuisse
1062 3125 1213 3185 clare
1247 3139 1539 3202 appareat.
1617 3123 1737 3180 Ob·

122 3205 400 3271 ¹servatur
438 3206 728 3271 interdurn
765 3207 824 3269 in
861 3206 1138 3289 aliquibus
1182 3205 1352 3285 hujus
1389 3202 1742 3344 farin'aegpe-

841 3288 878 3349 S
922 3308 951 3367 3
1511 3285 1599 3344 cie
1644 3301 1704 3346 us
1730 3326 1747 3355 s
