2167 3612
448 217 1309 291 MADREPQRA
1565 247 1682 308 315

95 382 257 435 mus,
297 376 433 421 cum
458 378 617 422 novo
642 357 924 420 stellarum
962 354 1210 437 agmine.
1250 356 1253 358 ’
1295 355 1534 440 Nempe
1560 361 1690 425 stel-

96 450 149 508 la
177 443 326 523 saepe
353 462 461 502 una
503 460 620 521 prae
660 439 891 517 reliquis
928 439 1208 500 excrescit
1248 436 1313 500 &
1351 443 1518 518 apice
1558 465 1690 522 pro-

94 530 178 587 les
202 526 467 603 parvulas
490 520 676 602 gignit
703 564 722 593 ‚
764 534 1001 600 tumque
1027 518 1280 581 crustam
1306 521 1462 581 circa
1495 523 1554 584 se
1591 545 1691 585 ex·

95 606 340 668 tendere
375 603 612 682 incipit,
677 620 788 681 qua
823 602 1044 663 vicinas
1082 601 1263 664 stellas
1299 601 1557 664 obducit.
1644 607 1693 666 E

94 686 278 748 crusta
318 701 510 745 autem
543 682 814 753 dilatata,
858 694 983 762 quae
1007 683 1234 762 semper
1268 684 1332 744 in·
1357 683 1694 763 sphaericam

92 785 192 827 aut
223 766 421 826 saltem
453 782 778 825 convexam
814 764 1060 845 figuram
1093 764 1333 825 tendere
1359 765 1502 826 solet
1523 809 1547 839 ,
1590 787 1696 826 no·

92 868 187 909 vae
226 845 532 907 successive
578 846 955 924 pullulascunt
1000 843 1172 906 stellae
1225 843 1290 906 δι
1343 845 1695 908 adolescunt.

31 952 33 956 ’
90 928 449 1005 marginales
480 928 615 987 hinc
653 924 825 986 stellae
863 927 1199 1006 plerumque
1236 927 1477 986 minutae
1502 974 1518 1001 ‚
1562 929 1702 988 dum

91 1009 273 1069 medii
316 1007 562 1087 agminis
606 1007 853 1086 majores
902 1007 1052 1066 sunt.
1156 1003 1347 1084 Crustae
1383 1009 1508 1067 aliis
1559 1028 1699 1087 quo-

34 1136 39 1141 .
93 1111 206 1169 qne
258 1090 645 1169 εοῑροτίὣυε,
699 1088 904 1167 lapillis
972 1102 1085 1148 cet.
1138 1087 1555 1166 superindufiiae
1604 1110 1704 1151 oc-

89 1186 342 1231 currunt.
431 1170 597 1251 Sae'pe
622 1170 703 1231 ita
728 1170 1141 1239 revolvuntur,
1184 1183 1248 1226 ut
1274 1166 1398 1228 fere
1423 1168 1484 1229 in
1520 1170 1704 1249 sphae-

91 1272 215 1311 ram
243 1255 466 1311 coeant.
548 1252 676 1310 Imo
703 1251 790 1311 bis
818 1250 942 1310 vidi
971 1250 1322 1328 specimina,
1363 1246 1427 1308 <Sc
1461 1252 1698 1313 unicum

92 1333 218 1410 ipse
244 1334 463 1400 haben,
509 1330 605 1389 ubi
629 1331 858 1407 prorsus
884 1332 1201 1389 convoluta
1239 1327 1427 1389 crusta
1469 1328 1533 1390 &
1561 1349 1700 1393 con·

92 1411 334 1471 soiidata
378 1410 693 1488 oblongum
737 1410 971 1486 globum
1018 1408 1255 1480 effecit,
1308 1409 1560 1488 undique
1601 1433 1699 1491 cy·

88 1490 291 1551 lindris
325 1488 602 1562 obsitum,
645 1488 709 1551 ἃ
741 1491 801 1549 in
833 1508 949 1570 quo
974 1509 1049 1550 ne
1071 1490 1312 1550 minima
1343 1490 1579 1568 quidem
1601 1495 1702 1555 ba·

92 1571 220 1632 seos
260 1588 358 1631 aut
391 1571 676 1632 cicatricis
715 1586 855 1632 nota
892 1587 1153 1650 apparet.
1241 1571 1535 1632 Videntur
1574 1575 1701 1636 haec

92 1654 155 1714 in
193 1654 452 1731 glareoso
490 1654 662 1713 maris
696 1652 879 1713 fundo
916 1668 1050 1712 nata
1087 1651 1257 1713 fuisse
1281 1699 1298 1728 ‚
1362 1652 1698 1733 lapillosque

92 1736 338 1795 mobiles
385 1755 492 1814 pro
539 1733 726 1813 prima
776 1729 890 1792 basi
939 1734 1236 1810 habuisse,
1292 1752 1436 1812 quos
1489 1735 1625 1795 dein
1666 1755 1700 1796 a

97 1816 234 1875 loco
287 1815 471 1892 priori
529 1833 634 1892 per
683 1812 889 1874 fluGius
948 1811 1259 1877 deturbata
1306 1829 1466 1875 totos
1519 1817 1700 1877 inclu-

93 1895 307 1956 serunt.

65 1983 77 1987 “
175 1976 456 2054 Rmnphius
487 1974 796 2035 Commium
824 1975 1080 2035 nostrum
1106 1977 1165 2034 in
1198 1977 1356 2037 Mari
1382 1995 1556 2040 muco
1596 1980 1695 2039 ob-

95 2055 331 2116 ductum
355 2054 469 2115 effe
494 2056 655 2116 dicit.

43 2203 47 2206 ι
154 2242 318 2323 184.
373 2228 1106 2303 MADREPORA
1156 2251 1638 2305 FLEXUOSA.

198 2398 282 2470 M
301 2421 347 2469 A
364 2421 412 2469 D
431 2417 476 2469 R
491 2418 531 2466 Ε
552 2419 588 2467 Ρ
606 2418 653 2468 o
671 2420 714 2470 R
732 2421 777 2468 Α
865 2416 1227 2497 aggregata
1264 2451 1288 2487 ‚
1387 2402 1696 2497 cylindris

47 2527 62 2594 ’,
92 2501 468 2582 subramofis
515 2505 859 2577 linearibus
895 2506 1121 2579 striatis
1139 2554 1163 2592 ,
1177 2555 1194 2603 ‚·
1217 2509 1401 2600 apice
1436 2526 1694 2581 trunca.

63 2673 66 2676 .
96 2615 180 2685 tis
212 2610 607 2702 stellatisque.
776 2610 783 2614 ‘

234 2786 416 2854 Imper.
453 2787 566 2839 ital.
596 2795 652 2853 p.
685 2791 808 2844 628.
839 2787 949 2842 lat:
980 2796 1105 2847 818.
1158 2787 1340 2842 >Porus
1370 2789 1689 2845 matronalis·

230 2864 449 2918 Aldrov.
487 2863 609 2932 mus.
649 2866 835 2918 metall.
875 2867 911 2919 l.
949 2884 1004 2935 3.
1033 2877 1089 2935 p.
1126 2882 1246 2928 292·
1314 2866 1691 2922 Pseudocoral-

295 2945 426 2998 lium
456 2943 640 2996 album
663 2943 970 3013 fungosum.

196 3022 458 3075 ⁴*Bonan.
492 3018 613 3089 mus.
653 3019 832 3075 Kirch.
861 3032 918 3090 p.
959 3026 1078 3074 266.
1119 3023 1242 3074 icon.
1275 3033 1330 3091 p.
1372 3031 1490 3087 289.

225 3100 411 3158 Worm.
446 3096 568 3167 unes:
600 3108 658 3166 p.
697 3115 818 3168 235.
890 3098 1187 3169 Millepora
1210 3097 1486 3171 Imperati.

231 3179 387 3238 Gual.
426 3178 528 3231 ind.
565 3176 720 3234 Part.
773 3196 826 3250 3.
864 3180 932 3235 cl.
966 3195 1020 3249 5.
1063 3180 1160 3234 tab.
1197 3183 1261 3234 61
1291 3183 1338 3238 b.
1417 3182 1695 3252 Acropora

1529 3267 1694 3339 cespi-
