2167 3612
414 221 572 297 ’,με
864 202 1606 275 ZOOPHYTA.
2116 0 2159 306 ¹

420 428 587 585 ‚st
755 344 2151 539 VOLVOCEsd

612 678 728 739 OL
747 666 979 747 Vox,
1023 672 1185 752 cujus
1213 671 1482 734 inventio
1507 674 1699 735 Bakero
1723 688 1896 756 atque
1923 671 2049 736 Roe·
2146 705 2150 709 ·

621 757 751 837 solio
794 754 1038 815 debetur
1064 799 1081 825 ‚
1123 752 1587 830 fimplicisfimum
1638 756 1846 820 animal
1884 757 2048 817 vide-

449 860 542 903 tur
613 838 726 898 effe
800 851 995 915 atque
1036 831 1439 892 uniformitate
1502 833 1791 896 strufiturae
1870 857 2047 898 omne
2141 862 2146 874 ·

448 919 777 999 exemplum
823 917 1070 996 superat.
1157 912 1467 974 Globulum
1500 932 1717 992 nempe
1764 912 1899 977 sistit
1925 964 1941 991 ,
1981 920 2044 979 in

447 1022 562 1079 quo
602 1018 826 1060 artuum
876 998 1028 1070 nulla
1063 995 1283 1075 species
1310 1041 1327 1069 ‚
1382 995 1535 1054 nulla
1570 1014 1916 1073 organorum
1957 999 2043 1058 di-

445 1082 672 1146 stinfflo
706 1127 722 1153 ‚
767 1071 1102 1158 qui'ffamen
1140 1097 1244 1157 per
1281 1091 1486 1154 aquarn
1533 1074 1851 1154 spontaneo
1886 1095 2051 1138 motu

447 1180 691 1244 vagatur
730 1162 792 1221 ἃ
827 1180 934 1240 pro
975 1159 1161 1220 lubitu
1197 1177 1352 1220 nunc
1389 1156 1677 1232 consistit,
1719 1178 1871 1219 nunc
1915 1179 2049 1239 pro·

451 1245 628 1306 cedit.

527 1327 661 1389 Una
696 1322 759 1386 ἃ
798 1319 1176 1403 vulgatiffima
1227 1324 1288 1385 in
1324 1321 1483 1401 aquis
1523 1321 1840 1382 riVulorum
1878 1317 1942 1380 &
1976 1319 2054 1382 la·

428 1428 623 1469 >cuum
677 1404 978 1468 observata
1011 1405 1234 1485 species
1283 1405 1433 1466 intra
1485 1403 1873 1481 parenchyma
1903 1447 1918 1474 ,
1983 1416 2049 1459 ut

448 1490 685 1551 videtur
717 1534 733 1562 ‚
771 1488 1204 1567 homogeneum
1257 1485 1579 1546 nidulantes
1619 1482 1866 1543 ostendit
1904 1482 2046 1541 alios

424 1571 703 1632 ‘minores
734 1569 1016 1650 globulos,
1101 1567 1187 1628 Hi
1226 1566 1442 1645 globuli
1479 1565 1603 1643 veri
1661 1563 1832 1624 foetus
1876 1561 2003 1621 sunt
2029 1606 2049 1635 ‚
2143 1619 2148 1630 ,

431 1654 518 1714 ‘in
552 1652 754 1731 quibus
795 1661 1071 1731 quantum
1119 1650 1275 1708 oculi
1315 1646 1527 1708 armati
1567 1643 1778 1724 assequi
1817 1645 2051 1714 valent,

453 1734 552 1795 alii
597 1734 787 1793 denuo
828 1733 1000 1792 foetus
1041 1729 1106 1792 ἃ
1146 1731 1206 1790 in
1255 1729 1344 1790 his
1388 1729 1530 1790 item
1575 1727 1720 1800 alii,
1774 1744 1948 1804 usque
1987 1726 2049 1783 in

432 1812 690 1882 ,tertiam
722 1829 1061 1894 quartanive
1086 1812 1525 1892 generationem
1561 1825 1859 1890 apparent.
1904 1806 2053 1867 Haec

455 1890 677 1975 species
709 1897 953 1974 figuram
979 1913 1269 1972 nunquam
1296 1908 1498 1952 mutat.
2011 1949 2024 1961 „

536 1976 996 2048 Alteraxcognita
1011 1975 1228 2047 species
1246 2020 1262 2045 ,
1281 1993 1452 2051 quam
1467 1975 1542 2035 ob
1565 1973 1840 2033 summam
1855 1969 2059 2030 formae

457 2052 903 2114 mutabilitatem
949 2050 1187 2108 Proteum
1224 2053 1496 2108 Roeselius
1538 2055 1810 2126 vocavit,
1854 2053 2054 2129 globu-

458 2135 544 2194 lus
585 2130 665 2191 est
698 2146 855 2188 totus
900 2148 973 2187 ex
1011 2129 1328 2188 minoribus
1363 2130 1661 2190 moleculis
1689 2172 1711 2204 ,
1766 2130 1866 2209 qui
1916 2132 2052 2188 toti-

440 2210 806 2275 -dem-foetus
846 2208 975 2268 sunt
1010 2253 1027 2281 ‚
1089 2205 1442 2285 compactus.
1527 2211 1786 2286 Utraque
1833 2211 2055 2288 species

459 2310 684 2356 matura
721 2289 972 2352 effundit
1009 2288 1180 2348 foetus
1209 2293 1338 2348 suos
1379 2286 1442 2348 &
1464 2286 1590 2350 haec
1621 2290 1822 2350 ultima
1846 2306 1972 2350 tota
1999 2291 2060 2350 in

460 2375 627 2439 vivas
650 2371 960 2435 moleculas
994 2370 1233 2431 fatiscit.

543 2457 843 2518 Habemus
869 2452 996 2525 hic,
1024 2451 1342 2531 praesertim
1370 2453 1430 2512 in
1456 2452 1652 2514 ultima
1683 2453 1902 2532 specie,
1930 2473 2058 2532 par·

460 2540 764 2600 ticularum
791 2556 824 2595 e
847 2534 1049 2612 quibus
1067 2532 1509 2613 Zoophytorum
1530 2534 1924 2613 fimpli-ciffima
1947 2537 2058 2614 Hy-

459 2622 556 2680 dra
611 2615 928 2695 compofita
980 2615 1255 2689 videtur,
1323 2616 1654 2694 imaginem.
1763 2617 2061 2677 Habemus

461 2700 673 2762 animal
709 2700 1027 2777 spontaneo
1055 2711 1220 2755 motu
1245 2697 1549 2774 praeditum
1566 2742 1582 2771 ,
1627 2712 1816 2756 totum
1841 2696 1963 2758 fere
1988 2719 2061 2762 ex

459 2783 732 2842 similibus
758 2776 1108 2839 animalculis
1132 2777 1589 2856 consarcinatum
1605 2778 1668 2840 δι
1694 2779 1753 2838 in
1780 2779 1947 2838 foetus
1965 2780 2063 2840 seu

463 2863 710 2929 semina,
737 2857 1129 2938 utiLycoperda
1154 2859 1305 2918 inter
1319 2858 1547 2937 Fungos
1566 2908 1582 2934 ‚
1602 2860 1718 2919 sese
1744 2859 2059 2921 absumens.

547 2944 660 3001 His
675 2941 830 3002 forte
844 2940 1193 3000 animalculis
1211 2937 1404 2999 affines
1419 2939 1452 2998 s
1446 2955 1546 2998 unt
1561 2960 1685 3020 quae
1703 2944 1760 3001 in
1777 2943 2058 3020 majorum

465 3022 796 3085 animalium
822 3022 1077 3084 seminali
1093 3021 1315 3098 liquore
1343 3038 1652 3080 occurrunt
1678 3023 1972 3082 moleculae
2000 3040 2056 3078 a·
2152 3092 2153 3097 ἵ

469 3106 702 3165 nimatae
723 3146 739 3174 ,
782 3122 815 3162 a
840 3106 1077 3163 Summo
1103 3099 1346 3179 Baffonio
1371 3121 1476 3180 pro
1500 3105 1903 3182 organicorum
1932 3119 2065 3161 cora
2142 3127 2154 3175 ἒ

465 3202 680 3265 porum
721 3182 982 3246 resolutis
1020 3182 1349 3246 staminibus
1387 3183 1599 3248 habitae
1642 3181 1735 3259 ὅτ,
1791 3182 2063 3327 ςυίεῗυὶά
2128 3178 2156 3284 3}

458 3283 472 3291 ⁴
763 3286 788 3295 ’·
1951 3279 2069 3342 int,
