2167 3612
430 237 545 309 m4
828 204 1571 294 ΖΟΟΡΗῩΤΑ

508 370 575 428 In
623 385 835 447 genere
887 385 1063 447 porro
1115 367 1477 428 observamus
1533 369 1766 428 corticem
1828 364 2026 429 versus·

433 449 658 511 fruticis
687 466 950 509 truncum
977 446 1039 507 &
1067 446 1217 508 bafin
1242 453 1544 522 extenuari,
1571 445 1745 528 poros
1770 450 2032 510 cellulas··

436 552 548 611 que
572 530 652 591 ibi
681 530 837 589 velut
863 529 1181 588 oblitterari
1198 574 1213 600 ,
1230 530 1400 609 inque
1425 530 1839 609 antiquioribus
1865 546 2028 608 pror-

435 616 524 673 sus
560 611 933 681 evanescere3
975 610 1035 669 in
1072 613 1233 669 ramis
1273 631 1413 671 vero
1446 613 1648 689 inversa
1683 613 1812 688 ligni
1837 613 2032 670 ratione

435 693 717 764 inveniri,
760 707 821 748 ut
848 711 960 768 quo
981 691 1242 770 juniores
1267 692 1310 752 ii
1361 691 1605 764 fuerint,
1649 692 1859 770 largior
1887 690 2034 751 cras-

436 775 658 851 fiorque
696 772 755 832 δέ
811 772 1083 832 extremis
1140 771 1376 834 setaceis
1414 774 1652 851 virgulis
1687 773 2032 833 craffiffimus

436 855 787 932 reperiatur,
843 873 1086 932 quorum
1138 851 1199 911 <Sc
1242 853 1797 932 apices'constanter
1834 873 1905 913 eo
1934 855 2035 913 ob·

439 936 660 994 volutae
707 933 770 993 ἃ
811 933 1039 994 inclusae
1085 933 1230 997 fimt.
1336 936 1481 994 Haec
1519 936 1754 994 corticis
1791 954 2036 1013 propor-

438 1017 525 1075 tio
567 1017 625 1075 in
675 1017 824 1075 nulla
863 1016 1054 1093 specie
1120 1015 1323 1076 clarius
1370 1014 1747 1077 demonstrari
1797 1013 1989 1094 potest
2017 1061 2037 1089 ‚

439 1115 612 1173 quam
646 1097 703 1153 in
733 1097 803 1154 G.
845 1098 1143 1174 Antipathe.
1966 1141 1968 1143 -

520 1175 897 1237 Observabile
948 1179 1195 1257 denique
1245 1176 1328 1238 est
1383 1176 1814 1257 Gorgoniarum
1860 1177 2036 1236 corti-

437 1276 569 1317 cem
592 1257 756 1334 supra
801 1261 1042 1337 contigua
1080 1262 1252 1331 aliena
1292 1268 1496 1338 corpora
1524 1257 1816 1336 expandi,
1857 1277 2039 1336 eaque

434 1339 629 1416 primo
663 1338 926 1398 corticali
957 1338 1174 1409 crusta,
1220 1339 1433 1397 deinde
1470 1337 1534 1397 &
1577 1357 1788 1396 cornea
1829 1339 2039 1416 vagina

434 1416 814 1479 obducere&
839 1419 1232 1493 incarcerare3
1274 1417 1430 1497 quod
1455 1437 1681 1479 corneae
1719 1417 2038 1478 substantiae

436 1498 774 1559 a'corticali
811 1514 1004 1558 ortum
1047 1520 1206 1559 novo
1245 1514 1588 1579 argumento
1637 1500 1845 1558 firmat.
1927 1500 2037 1557 Ba-

440 1580 548 1639 lani
574 1578 725 1658 saepe
750 1579 897 1638 varii
921 1625 937 1652 ‚
979 1578 1296 1658 praesertim
1333 1581 1552 1640 Calceoli
1577 1581 1647 1640 ab
1686 1577 1903 1639 acutiffi
1945 1581 2039 1639 EI-

442 1661 551 1738 hfio
578 1659 884 1738 descripti,
927 1660 1242 1740 Gorgoniis
1288 1660 1714 1732 adhaerescunt,
1755 1659 1908 1739 sique
1948 1661 2038 1720 vi·-

441 1741 711 1824 gentibus
739 1741 797 1799 se
823 1740 1164 1814 afflixerint,
1209 1740 1500 1820 descripto
1537 1742 1715 1801 'modo
1741 1739 2036 1802 incrustati

441 1822 656 1886 deinde
683 1822 1064 1901 reperiuntur.
1107 1857 1186 1866 —
1228 1824 1326 1883 Sic
1366 1823 1631 1882 videmus
1672 1822 1902 1881 arbores
1943 1823 2039 1881 ad-

440 1904 626 1985 posita
651 1923 898 1981 corpora
924 1903 1125 1963 senfim
1150 1921 1288 1964 nato
1327 1905 1529 1963 tubere
1552 1901 1823 1981 amplecti
1847 1900 1910 1962 ἃ
1937 1903 2037 1963 de·

436 2004 599 2046 mum
623 1982 918 2043 includere
945 1984 1166 2042 cortice
1191 1985 1259 2042 ac
1287 1984 1481 2061 lign03
1508 1985 1791 2060 pauloque
1816 1983 1923 2043 alia
1950 2005 2038 2043 ra-

435 2067 598 2127 tione
621 2064 748 2124 laesa
786 2064 1115 2128 animalium
1150 2063 1295 2136 ossa,
1336 2062 1660 2141 adjacentia
1696 2063 1874 2121 aliena
1909 2083 2037 2122 cor·

438 2166 620 2226 pora,
652 2144 899 2223 glandes
938 2165 997 2202 v.
1037 2163 1122 2222 gr.
1154 2145 1481 2220 plumbeam,
1527 2144 1849 2203 luxuriante
1886 2144 2040 2204 ofl'ea

435 2228 662 2289 lamella
701 2225 1024 2285 involvere.
1134 2224 1391 2283 Eandem
1438 2223 1561 2284 fere
1610 2243 1713 2301 per
1755 2225 1945 2302 legem
1979 2225 2040 2284 in

436 2306 885 2387 contiguitatem
934 2304 1124 2365 coacti
1170 2304 1285 2365 duo
1339 2305 1482 2366 rami
1532 2303 1876 2364 coalescunt.
1970 2305 2038 2365 Id

437 2409 611 2460 ver0,
658 2403 722 2446 ut
752 2388 810 2446 in
850 2386 1296 2465 Zoophytorum
1332 2386 1450 2446 aliis
1478 2385 1810 2465 generibus,
1853 2385 1935 2447 ita
1974 2387 2038 2448 δε

436 2473 500 2533 in
528 2468 842 2547 Gorgoniis
871 2467 1320 2547 frequentiffime
1345 2467 1550 2548 sponte
1580 2467 1707 2526 fieri
1731 2467 1997 2527 videmus
2017 2515 2035 2541 ,

437 2571 615 2633 quum
662 2549 804 2610 levis
862 2549 920 2608 iri
976 2548 1260 2626 plerisque
1315 2547 1612 2607 contactus
1675 2545 1912 2606 sufficiat
1963 2549 2036 2609 ad

439 2631 752 2693 uniendam
807 2628 871 2690 &
918 2628 1522 2690 confertuminandam
1573 2644 1866 2686 ramorum
1913 2629 2038 2691 sub-

611 2734 641 2771 a
709 2747 754 2770 .-

176 2761 373 2887 ἓξὲῗέζῇ
438 2714 828 2880 stagdurtrrlique
853 2791 1134 2872 dfiribucio
1169 2811 1424 2852 ramorum
1461 2794 1514 2850 in
1535 2791 1692 2869 plano
1730 2789 1845 2872 (a)
1891 2791 2035 2851 Gor-

178 2890 246 2939 di,
581 2891 586 2896 ’
689 2892 696 2896 ”
1159 2895 1165 2900 ·
1750 2914 1754 2916 .
1816 2901 1819 2903 ·
1927 2890 2034 2947 go.

504 2976 609 3035 (al
638 2979 709 3025 Ex
735 2975 1058 3027 enumerandis
1092 2975 1329 3036 speciebus
1358 2973 1652 3035 pauciffimae,
1689 2970 1935 3019 videlicet.-
1971 2969 2032 3016 G.

443 3043 633 3100 ancepS,
656 3040 896 3107 suberosa,
929 3041 1199 3101 Arztipathes
1234 3038 1275 3084 δί
1311 3036 1481 3102 Reseda
1512 3039 1641 3092 solae,
1675 3036 1731 3080 ab
1755 3035 1841 3080 hac
1871 3044 2032 3105 norma

445 3103 706 3152 constanter
732 3105 979 3151 deflectunt
1005 3103 1049 3151 δε
1074 3116 1225 3151 ramos
1251 3101 1621 3162 quaquaversum
1645 3098 1860 3158 spargunt
1881 3109 1897 3150 3
1929 3094 2033 3142 reh-

442 3180 544 3230 quae
569 3170 730 3215 ornnes
758 3169 808 3214 in
832 3168 1102 3229 planitiem,
1123 3176 1376 3228 *utcunque
1406 3165 1520 3226 saepe
1544 3159 1746 3219 ruditer,
1777 3171 1928 3208 ramos
1952 3171 2031 3206 ex·
2091 3165 2094 3169 “

433 3232 629 3294 plicant.
1296 3234 1299 3237 '
2027 3249 2029 3251 ·
