2167 3612
541 183 1385 286 MADREPORA
1640 240 1756 305 2n

155 371 276 419 tum
316 358 378 419 ἃ
414 357 578 435 stirps
613 357 872 417 animalis
907 373 1182 435 vegetans
1224 356 1373 417 haud
1427 359 1600 420 dubie
1639 380 1744 419 vo-

149 443 430 512 candum,
474 441 624 498 inter
657 439 1038 515 Madreporas
1081 456 1271 498 tamen
1299 484 1314 510 ,
1361 440 1622 520 adeoque
1660 443 1746 502 in-

148 536 236 580 ter
266 521 626 599 Lithophyta
653 519 723 577 ab
758 539 827 577 eo
860 521 1098 579 relatum
1125 518 1306 579 fuiffe.

228 604 446 662 Primus
473 643 494 673 ,
550 600 620 657 ad
660 600 945 659 Animalia
997 602 1284 677 pertinere
1335 598 1695 679 Lithophyta
1722 641 1834 689 ’Ad
1866 644 1965 695 an:

141 684 451 761 suspicatus
490 679 571 739 est
604 681 925 756 Ιηκρεναειις,
984 681 1224 759 impulsu
1269 680 1895 755 observationummalia
1926 662 1943 696 ²

139 783 276 841 quas
309 765 368 822 in
407 765 722 836 Madrepora
752 762 1035 839 imprimis
1068 782 1240 821 ramea
1285 760 1523 821 fecerat.
1581 764 1732 823 Dein
1748 771 1938 841 transtu·

135 844 417 919 Rumphius
490 841 732 912 docuit,
789 844 1209 921 Madreporam
1265 842 1552 922 fungitem
1617 839 1835 905 essem·

137 924 289 1001 quasi
354 922 562 984 testam
619 923 1003 983 incumbentis
1059 925 1364 995 animaliS,
1444 923 1736 1003 singularis

135 1003 473 1076 stru&urae;
538 1002 812 1081 Idemque
850 1021 1129 1081 praeterea
1178 1004 1302 1062 fere
1338 1003 1398 1062 in
1437 1006 1738 1080 omnibu5‚

132 1105 259 1164 quae
325 1083 653 1163 descripsit,
720 1087 904 1144 Maris
954 1085 1139 1158 Indici
1183 1085 1443 1144 Coralliis
1517 1088 1739 1162 pariter

129 1186 198 1226 ac
252 1166 576 1244 Zoophytis
634 1167 962 1242 recentibus
1025 1163 1339 1243 gelatinam
1389 1165 1734 1242 animalem,

114 1248 509 1324 ‚pisculentam
556 1246 744 1305 adeffe
782 1247 1025 1306 monuit.
1109 1245 1445 1322 Peyffimellus
1496 1248 1733 1308 tandem

125 1327 491 1401 Lithophyta
533 1326 856 1384 solidiffime
899 1326 1130 1384 animali
1184 1344 1366 1399 regno
1407 1326 1729 1388 adsociavit

127 1403 191 1464 &
243 1404 624 1481 Madreporas
680 1404 976 1480 speciatim
1030 1424 1136 1481 pro
1175 1405 1504 1465 animalium
1554 1409 1728 1469 meris

121 1483 281 1546 testis
323 1486 652 1564 aggregatis
710 1483 925 1544 habuit.
1021 1487 1241 1546 Primus
1295 1485 1357 1545 ἃ
1400 1485 1548 1548 solus
1589 1492 1728 1549 huc·

120 1586 301 1644 usque
316 1568 515 1625 Donati
543 1565 913 1647 confirmavit
939 1566 1067 1625 haec
1086 1614 1100 1637 ‚
1126 1567 1257 1643 data
1283 1567 1504 1627 curiosa
1525 1570 1725 1647 polypo-

115 1668 230 1708 rum
259 1646 442 1708 stellas
479 1647 850 1724 Madreporae
891 1647 1335 1725 occupantium,
1378 1649 1438 1708 in
1472 1667 1582 1707 una
1617 1650 1722 1711 sal*

121 1745 243 1788 tem
307 1729 532 1807 specie,
587 1727 1020 1805 descriptione3
1064 1726 1149 1788 -&
1202 1729 1671 1789 observationum
1701 1770 1721 1802 ,

117 1829 256 1886 quas
318 1809 660 1886 promiserat
687 1851 708 1880 ,
786 1809 846 1868 in
898 1809 1128 1888 reliquis
1180 1809 1368 1868 Maris
1430 1810 1719 1871 Adriatici

115 1888 441 1966 Zoophytis
483 1888 762 1950 sanarum
803 1891 1007 1969 ingens
1053 1889 1183 1968 post
1226 1891 1286 1963 se
1335 1892 1568 1968 reliquit
1620 1892 1718 1952 de-

115 1969 428 2042 siderium,
491 1971 651 2047 quod·
699 1988 851 2028 nunc
900 1972 1304 2047 deperditione
1356 1971 1715 2031 adversario-

109 2067 237 2108 rum
278 2067 451 2128 atque
500 2049 813 2127 spoliorum
842 2096 856 2120 ‚
911 2067 1038 2127 quae
1076 2069 1148 2111 ex
1177 2052 1335 2112 Mari
1377 2052 1582 2112 Rubro
1628 2073 1716 2114 re-

107 2131 369 2202 miserat,
415 2129 589 2189 etiam
619 2129 1002 2207 exasperatur.
1063 2181 1065 2183 ,

170 2211 702 2271 -Observationibus
744 2210 1044 2269 destitutus
1075 2255 1091 2281 ‚
1147 2228 1283 2287 quas
1324 2212 1420 2271 hic
1464 2211 1539 2271 de
1576 2214 1712 2273 Ma·

104 2291 478 2368 dreporarum
509 2331 511 2334 <
544 2306 747 2350 natura
797 2309 1119 2368 proponam
1181 2290 1543 2370 -conjecturas
1599 2313 1707 2370 pro

105 2391 304 2431 errore
344 2371 542 2430 vacuis
567 2370 870 2430 venditare
895 2390 1184 2449 nunquam
1212 2374 1473 2432 audeam.
1559 2376 1705 2432 Sunt

104 2466 301 2512 tamen
335 2451 500 2526 haec,
569 2471 694 2530 quae
738 2452 1161 2512 verosimillime
1199 2473 1271 2514 ex
1309 2468 1530 2513 attenta
1568 2474 1708 2514 con-

103 2534 486 2612 templatione
523 2531 812 2592 struSturae
855 2529 918 2592 δε
964 2533 1398 2611 compositionis
1441 2534 1706 2614 reliquia·

98 2631 226 2673 rum
269 2616 329 2673 in
360 2612 582 2674 Museis
606 2612 874 2673 affervar'i
913 2615 1237 2687 solitarum,
1290 2614 1502 2693 lapidei
1542 2635 1702 2675 nem-

97 2713 175 2772 pe
207 2713 401 2754 earum
428 2693 624 2763 sceleti
652 2740 668 2767 ,
713 2695 924 2755 confici
951 2695 1109 2775 poffe
1136 2696 1426 2756 videntur.

179 2773 337 2856 Quas
374 2773 649 2852 simplices
686 2777 1363 2855 Madreporas·Linnaeus
1412 2776 1695 2852 vocavit,
1721 2801 1761 2835 1.
1796 2784 1875 2838 M.
1946 2826 1949 2830 .

3 2891 10 2895 ·
99 2854 229 2914 sunt
272 2854 423 2932 quasi
470 2854 611 2916 bafis
638 2901 655 2928 ,
722 2876 786 2915 os
824 2858 1176 2934 lapidosum,
1234 2856 1405 2926 testa,
1459 2856 1554 2918 cui
1589 2851 1884 2918 imfimpli-

94 2938 382 3017 plantatus
411 2982 429 3010 ,
485 2936 724 2996 adnatus
752 2980 769 3009 ,
836 2937 1255 3016 continuusque
1308 2936 1392 2997 est
1441 2931 1803 3018 polypus-‚⁶³⁸
1904 2934 1912 2941 ¹

98 3036 183 3077 ex⁴
229 3019 406 3077 ovulo
479 3016 734 3077 solitario
785 3031 945 3076 ortus
974 3063 992 3091 ,
1056 3038 1349 3097 nunquam
1408 3019 1647 3099 prolifer
1673 3067 1693 3095 ,

91 3097 191 3178 sed
225 3098 285 3158 in
335 3097 796 3177 magnitudinem
834 3114 1060 3158 tantum
1107 3119 1240 3159 cum
1282 3099 1376 3159 sua
1415 3100 1557 3161 testa
1598 3103 1697 3162 seu

92 3176 203 3240 basi
251 3180 529 3247 crescens.
628 3181 773 3241 Sunt
814 3179 1010 3257 itaque
1058 3181 1120 3247 in
1158 3180 1382 3248 Museis
1427 3181 1697 3321 afferlxgati

100 3289 172 3321 ι.
823 3263 860 3320 S
905 3280 938 3320 2
1585 3275 1696 3321 ‘un-
