2167 3612
412 227 507 269 *so
839 198 1595 266 ZOOPHYTA.

432 331 556 400 aliis
598 335 764 415 super
803 338 937 396 alias
991 335 1446 409 accrescentibus
1500 338 1718 400 cellulis
1764 342 2015 419 plurium

435 419 765 492 animalium
809 418 936 477 fieri
976 416 1239 491 corallia,
1307 420 1729 497 Ceratopbyta‚
1774 424 2022 482 Sertula-

434 503 578 574 rias,
607 515 722 560 cet.
752 499 880 572 sed,
911 517 1034 574 quae
1051 497 1112 557 in
1128 498 1347 570 Museis
1377 500 1700 578 speftantur
1729 503 1980 578 reliquiae
2001 545 2020 577 ‚

437 600 638 643 eorum
672 601 823 641 veras
868 578 959 657 effi}
988 581 1242 652 exuvias,
1284 582 1480 641 Sceleta
1519 583 1900 662 Zoophytorum.

457 735 462 739 7
515 663 687 722 Hanc
735 662 1056 722 meridiano
1101 662 1235 721 Sole
1275 663 1605 736 clariorem,
1637 664 1696 723 in
1737 665 2024 742 plerisque

433 744 799 822 ZoophytiS‚
851 741 1107 802 indolem
1163 743 1223 801 in
1272 763 1471 803 eorum
1524 745 1863 822 quibusdam
1902 765 2022 806 non

435 825 748 904 agnoscere
769 844 876 884 nec
903 824 1279 897 Rammius,
1325 843 1432 886 nec
1473 826 1846 904 sagaciffimus
1889 827 2024 883 Elli-

422 905 536 983 stus
574 908 978 985 nequiverunt.
1075 905 1170 964 Sic
1206 906 1359 965 enim
1390 909 1546 984 prior
1573 925 1678 985 pro
1713 922 2027 984 vegetante

433 988 668 1061 animali
706 987 1043 1059 Tabulari-am
1080 987 1415 1066 gelatinosam
1455 1008 1724 1067 aquarum
1774 988 2029 1047 dulcium

434 1068 730 1146 descripsit
783 1068 1037 1148 (praefar.
1089 1071 1179 1127 cir.
1215 1085 1270 1146 p.
1315 1072 1490 1146 75.);
1546 1067 1608 1127 &
1652 1071 1794 1128 alter
1837 1070 2025 1144 (Phil.

432 1148 592 1228 trans.
646 1149 762 1209 Vol.
812 1171 908 1224 50.
957 1152 1089 1210 Pars
1149 1171 1200 1209 1.
1245 1167 1299 1228 p.
1351 1148 1527 1226 283.)
1573 1148 2028 1208 differtedicit:

432 1231 746 1289 Sercularz'as
797 1250 916 1289 non
968 1230 1081 1290 esse
1123 1232 1352 1291 cellulas
1405 1229 1467 1290 &
1533 1228 1888 1301 domicilia,
1933 1227 2030 1289 sed

432 1310 709 1384 exutum,
754 1326 950 1370 cutem
981 1310 1301 1388 Zoophyti.
1884 1359 1889 1363 .

514 1391 691 1448 Hanc
718 1392 961 1450 eandem
988 1391 1265 1449 animalem
1284 1435 1302 1464 ‚
1349 1405 1412 1449 ut
1441 1390 1522 1448 ita
1550 1391 1747 1470 loquar
1765 1439 1780 1463 ‚
1820 1408 2030 1470 vegeta·

435 1475 622 1546 tionem
658 1468 876 1528 dudum
920 1470 1237 1551 Tremblejus
1273 1473 1332 1532 in
1371 1473 1605 1550 Polypis
1652 1472 1760 1531 suis
1808 1476 2033 1551 optime

436 1547 795 1630 perspectam
849 1548 1098 1624 habuit;
1169 1555 1526 1631 eandemque
1575 1553 1916 1613 sententiam
1969 1554 2034 1614 &

435 1633 703 1692 Donatum
743 1628 942 1707 postea
990 1631 1287 1710 adoptasse
1340 1650 1512 1711 atque
1561 1635 1871 1694 Corallium
1924 1655 2033 1714 pro

438 1711 674 1773 animali
715 1709 1068 1786 multicipite
1091 1755 1108 1781 ,
1162 1713 1324 1786 cujus
1356 1715 1611 1790 lapideus
1641 1714 1833 1775 frutex
1862 1716 2034 1775 scele-

437 1810 564 1854 tum
592 1789 1040 1869 fit‚agnoviffe;
1073 1789 1400 1868 Gorgonias
1431 1813 1573 1853 vero
1607 1797 1828 1856 nonnisi
1858 1797 2032 1856 scele-

438 1876 488 1935 ti
542 1871 865 1933 {abstantia
901 1870 1155 1932 diversas
1214 1871 1516 1931 credidiffe
1547 1917 1563 1943 ‚
1633 1875 1814 1935 refert
1877 1879 2033 1938 idem

440 1955 622 2035 (Phil.
655 1952 816 2028 trans.
845 1952 960 2012 Vol.
994 1973 1089 2026 50.
1130 1954 1262 2012 Pars
1300 1974 1350 2012 1.
1380 1967 1482 2010 art.
1519 1973 1541 2010 1
1562 1973 1608 2011 1.
1629 1969 1681 2030 p.
1713 1959 1872 2034 592).

440 2096 443 2098 .
522 2035 637 2097 Sed
660 2035 909 2113 primus,
940 2034 1096 2115 quod
1124 2033 1331 2108 sciam,
1376 2035 1450 2093 de
1480 2032 1803 2112 Zoophytis
1843 2039 2040 2115 pleris-

440 2138 553 2199 que
574 2164 591 2190 ,
615 2113 679 2176 ἃ
708 2116 977 2177 audacius
1006 2117 1154 2185 han-c
1184 2116 1471 2175 theoriam
1496 2115 1753 2175 sustinuit
1781 2118 2040 2197 lllfflrff

438 2203 742 2261 LINNAEus
778 2198 840 2260 in
873 2198 1149 2257 Editione
1178 2197 1409 2256 decima
1441 2195 1744 2275 Systemacis
1786 2203 2038 2274 Naturae3
2154 2178 2167 2257 s

444 2282 507 2342 in
535 2301 606 2341 eo
636 2295 862 2340 tantum
900 2278 1104 2339 dubius
1134 2279 1289 2358 quod
1319 2278 1523 2338 ordine
1551 2277 1612 2337 &
1651 2280 1859 2340 indolis
1901 2281 2044 2340 defi-

445 2363 674 2422 nitione
725 2360 1049 2420 distinxerit
1096 2381 1130 2420 a
1179 2361 1506 2439 Zoophytis
1549 2360 1865 2439 Lithophyta
1915 2381 2041 2440 quae

441 2458 655 2517 vocat,
699 2442 943 2503 nimium
970 2459 1166 2503 tamen
1193 2440 1418 2513 affinia,
1465 2439 1527 2499 &
1553 2461 1712 2519 aeque
1754 2463 1860 2520 pro
1892 2445 2043 2519 plan-

431 2527 513 2583 ’τὶς
545 2524 792 2585 nervoso
820 2522 1125 2601 systemate
1154 2526 1400 2586 animatis
1427 2521 1488 2581 &
1524 2541 1870 2598 organorum
1900 2541 2039 2600 pau-

428 2607 503 2666 'lo
529 2605 930 2683 multIpliciori
966 2620 1243 2683 apparatu
1281 2602 1658 2663 nobilioribus
1682 2648 1698 2674 ‚
1755 2602 2034 2661 habenda.

521 2687 805 2766 Expreffis
832 2687 1037 2746 Linnaei
1061 2684 1546 2764 propositionibus
1578 2699 1876 2759 permotus
1906 2703 2038 2743 can-

359 2842 361 2844 ,
445 2767 758 2829 didiffirnus
798 2767 1045 2846 Basterus
1074 2813 1091 2840 ‚
1158 2766 1258 2844 qui
1312 2768 1604 2840 hucusque
1665 2780 1865 2823 contra
1901 2766 2035 2825 Elli-

446 2846 574 2916 ffium
616 2851 980 2929 reliquosque
1022 2850 1211 2928 prioris
1247 2845 1545 2906 sententiae
1600 2861 1874 2922 patronos
1928 2843 2037 2904 ste-

442 2942 627 2999 terat,
670 2932 887 2990 alterius
915 2929 1226 2992 evidentiae
1266 2926 1448 2988 victas
1489 2927 1652 2986 dedit
1693 2944 1924 2996 manus,
1969 2922 2034 2983 δε

442 3007 794 3087 gloriossimo
847 3013 1116 3092 exemplo
1144 3056 1162 3084 ,
1218 3009 1516 3087 repudiata
1555 3005 1732 3085 priori
1771 3003 1865 3063 sua
1904 3004 2035 3081 opi-

442 3089 651 3161 nione,
699 3110 895 3151 veram
936 3093 1223 3153 theoriam
1262 3089 1471 3151 acriter
1503 3085 1815 3149 defendere
1854 3085 2031 3163 coepit

325 3192 327 3194 ·
442 3167 572 3249 (Cf-
603 3169 784 3250 opusc.
796 3171 999 3251 subsec.
1027 3172 1150 3235 Lib.
1178 3166 1309 3248 IL).

1764 3258 1767 3261 ·
1843 3238 2033 3330 Quam
