2167 3612
385 238 496 285 ‘10
789 213 1576 280 ‹ZOOPHYTA

477 353 708 417 Deinde
736 353 828 415 'uti
866 353 937 410 in
965 348 1356 413 vivacioribus
1396 352 1843 431 vegetabilibuS,
1901 356 1980 416 ita

398 438 462 500 &
494 439 555 498 in
591 436 820 496 animali
862 450 1106 508 corpore
1134 435 1369 494 vulnera
1395 481 1410 505 ,
1459 435 1826 513 elongatione
1875 457 1973 494 va-

385 520 584 582 sorum
630 515 693 577 &
726 534 894 575 novae
932 513 1115 572 carnis
1157 518 1569 594 generatione,
1633 515 1974 578 consolidari

390 601 678 661 videmus,
766 594 1118 658 Animaliurn
1146 615 1371 675 quoque
1407 599 1523 658 offa
1550 645 1565 670 ‚
1610 618 1773 656 more
1813 598 1977 656 arbo·

391 702 556 753 rum,
603 679 877 754 contigua
919 692 1190 737 extranea
1224 699 1466 759 corpora
1505 694 1640 738 nato
1677 681 1877 737 tubere
1916 678 1979 738 ἅ

391 764 630 823 tandem
676 759 859 821 crusta
913 758 1331 837 amplectuntur
1385 760 1447 820 &
1489 761 1804 819 includunt.
1911 762 1977 817 In

394 846 588 904 locum
617 840 826 902 amifl'ae
864 842 1074 919 linguae
1112 857 1210 900 aut
1248 842 1469 921 glandis
1495 862 1629 901 caro
1665 840 1977 900 succrevis-

302 934 303 937 ’
396 925 457 985 se
484 924 604 985 visa
645 922 759 994 est‘3
803 921 1238 994 &sarcomata,
1285 924 1700 983 luxuriantibus
1736 924 1979 1001 praedita

391 1006 660 1066 vasorum
695 1005 899 1077 ramis,
966 1004 1164 1081 passim
1201 1005 1632 1066 inanimalibus
1675 1006 1982 1063 observan-

389 1102 499 1146 tur.
585 1090 651 1146 In
696 1089 905 1165 Angue
945 1084 1136 1164 fragili
1176 1084 1239 1146 <Sc
1268 1087 1526 1145 Lacertis
1575 1085 1769 1144 amiss'a
1805 1085 1986 1160 cauda

389 1182 798 1247 regeneratur.·
889 1165 1100 1226 Astaco
1139 1167 1199 1227 in
1237 1169 1431 1227 locuni
1471 1165 1732 1223 deciduae
1772 1165 1983 1236 chelae,

388 1249 637 1310 nascitur
677 1248 874 1316 tuber,
952 1248 1012 1305 in
1052 1266 1269 1311 novam
1325 1247 1548 1306 chelam
1586 1244 1785 1303 sensim
1828 1243 1985 1304 effin-

391 1330 670 1407 gendum.
769 1324 881 1386 'Ast
939 1327 1116 1386 etiarn
1171 1326 1446 1403 insignior
1486 1324 1553 1382 fit
1598 1322 1884 1384 restitutio
1923 1328 1982 1384 in

391 1409 639 1469 diffeetis
690 1408 1015 1469 Lumbricis
1050 1453 1066 1479 ‚
1136 1425 1380 1484 quorum
1442 1405 1745 1465 certiffime
1802 1408 1984 1466 cauda

392 1487 575 1548 facile·
596 1487 947 1560 renascitur3
991 1507 1062 1546 ex
1087 1485 1326 1547 absciffa
1353 1507 1495 1547 vero
1522 1506 1750 1566 quoque
1773 1489 1979 1547 eadem

395 1570 691 1646 integrum
735 1564 1034 1625 instaurari
1073 1569 1311 1641 animal,
1365 1571 1536 1629 novis
1568 1568 1880 1631 visceribus
1922 1567 1987 1628 &

397 1646 788 1729 generationis
833 1646 1063 1723 organis
1111 1649 1573 1721 renascentibus,
1643 1650 1986 1708 Reazunztrz'us

396 1729 624 1802 asserit,
683 1726 839 1805 quod
875 1743 1062 1803 neque
1108 1727 1252 1784 mihi
1308 1748 1552 1806 unquam
1610 1731 1862 1790 successit
1904 1748 1988 1789 ta·

398 1831 575 1883 rnen,
639 1827 827 1887 neque
862 1807 1143 1865 Vandellio.
1244 1805 1520 1867 Similiter
1548 1805 1864 1889 ⁴discerptae·
1910 1814 1988 1869 A·

401 1892 629 1960 steriae,
697 1887 1199 1968 pullulascentibus
1248 1905 1280 1945 e
1343 1888 1581 1947 vulnere
1633 1891 1807 1952 radiis
1859 1913 1990 1953 cum

322 2020 324 2023 >
399 1972 724 2035 visceribus
746 1970 949 2048 novi3‚
994 1967 1274 2046 compleri
1300 1967 1695 2036 observantur.
1770 1972 1856 2029 ‘Et
1880 1977 1993 2031 Ac·

151 2703 339 2765 Zoopby-

146 2777 217 2830 ra.

401 2056 564 2115 tiniae
602 2051 850 2116 diffeetae
891 2047 1264 2120 reficiuntur,
1320 2049 1678 2109 consolidato
1718 2053 1990 2127 vulnere,

401 2135 663 2197 restituta
707 2132 900 2192 amiffa
946 2147 1128 2212 parte.
1227 2132 1554 2191 Vermiculi
1591 2131 1736 2191 varii
1776 2135 1993 2210 aquati-

404 2218 495 2289 ci,
538 2214 953 2294 fimpliciffimae
993 2211 1314 2285 structurae,
1372 2213 1443 2272 ad
1480 2227 1692 2291 genera
1735 2216 1994 2273 nondum

404 2297 605 2366 relati,
649 2299 906 2368 Bonnam,
951 2293 1172 2372 Raefilw
1199 2295 1436 2372 aliisque
1476 2293 1650 2363 dieti,
1709 2313 1824 2352 non
1867 2315 1992 2354 rno-

409 2378 487 2438 do
525 2375 748 2437 dissecti
795 2396 866 2435 ex
916 2375 1145 2459 singulis
1185 2373 1525 2454 fragmentis
1574 2374 1949 2435 restituuntur
1974 2377 2053 2450 ,ι’

407 2459 505 2519 sed
556 2459 732 2518 etiarn
770 2456 975 2536 sponte
1023 2455 1083 2516 in
1119 2458 1419 2534 portiones
1475 2455 1810 2527 discedunt,
1867 2476 1994 2534 quae

409 2540 638 2619 singulae
688 2537 1012 2617 perfefflmm
1060 2539 1211 2598 intra
1269 2539 1474 2598 breve
1503 2553 1731 2614 tempus
1783 2536 1993 2616 animal

409 2622 665 2683 evadunt
707 2617 869 2699 (e).'
1465 2685 1468 2688 ,

489 2703 745 2772 Verum,
798 2716 866 2759 ut
904 2719 1137 2760 omnem
1180 2699 1402 2759 hiatum
1443 2697 1675 2757 sarciret
1702 2695 1764 2760 ἃ
1801 2698 1994 2774 exple·
2032 2731 2035 2734 ·

413 2799 536 2857 ret,
579 2781 843 2843 condidit
868 2782 1097 2847 Natura
1132 2779 1545 2841 intermedium
1585 2780 1736 2839 inter
1776 2779 2001 2838 Plantas

1931 2857 1995 2919 ἃ

478 3007 568 3067 (e)
606 3007 675 3055 An
709 2999 984 3068 explicatum
1013 3007 1289 3071 vegetabile
1319 3006 1531 3069 Systema
1561 3005 1605 3053 &
1633 3004 1778 3051 libere
1801 3000 1992 3062 fimplici

419 3071 716 3133 elongatione
732 3076 928 3132 partium
954 3074 1294 3135 gemmascenS,
1330 3071 1378 3117 in
1409 3069 1679 3118 animalibus
1706 3064 1994 3126 implicatum

416 3133 459 3180 &
488 3135 749 3181 involutum
779 3136 968 3183 vulnere
987 3138 1200 3184 liberum
1220 3132 1319 3183 fieri
1353 3132 1491 3190 debet
1508 3167 1523 3190 ‚
1556 3139 1609 3179 ut
1634 3127 1918 3181 tendentiam
1941 3127 1992 3176 in

416 3199 749 3247 incrementum
779 3198 986 3247 exserere
1018 3196 1194 3262 posfit?
1374 3211 1379 3214 ·
1732 3202 1735 3206 “
1959 3189 1982 3205 ”
